3484 5600
375 781 418 841 ao
709 776 1024 859 *naacunnruun

374 956 463 1017 tibris
485 954 579 1015 etiam
603 960 652 1015 est
673 958 874 1021 Maecenatis
892 957 927 1033 ¹).
974 959 1079 1040 Cujus
1102 977 1118 1019 a
1140 958 1261 1036 Tacito,
1291 956 1355 1020 Vel-

375 1042 448 1120 lajo,
471 1040 568 1100 Dione
592 1045 623 1099 et
644 1040 676 1100 in
690 1042 945 1122 inscriptionibus
961 1043 1000 1120 ²).
1013 1048 1138 1103 vocatur
1148 1044 1318 1102 Maecenas.

440 1126 484 1185 De
506 1125 573 1202 ejus
595 1125 778 1202 parentibus
800 1127 875 1187 nihil
900 1146 1031 1207 usquam
1048 1127 1172 1205 legitur;
1201 1125 1261 1185 nisi
1277 1122 1357 1203 quod

377 1212 408 1271 in
430 1208 631 1287 luscriptioua
654 1208 788 1287 quadarn
816 1208 900 1288 apud
925 1213 1062 1273 Torreat.
1077 1210 1105 1287 3)
1134 1212 1172 1273 l..
1199 1210 1234 1271 F.
1266 1208 1358 1288 (Lucii

377 1293 471 1370 fitius)
495 1297 629 1353 vocatur.
664 1295 689 1352 Α
702 1293 852 1355 Cicerone
867 1292 895 1370 4)
919 1303 1106 1357 memoratur
1128 1293 1258 1374 quidam
1273 1295 1358 1356 Mae-

377 1397 489 1452 cenas,
522 1377 575 1455 qui
606 1393 666 1453 qua
697 1379 813 1438 ratione
842 1398 911 1439 curu
942 1399 994 1458 oo,
1030 1380 1153 1459 dequo
1181 1378 1231 1437 bie
1259 1395 1357 1438 sermo

377 1469 440 1540 est,
475 1460 715 1540 propinquitatis
752 1464 875 1525 vinculo
908 1464 1087 1542 conjunctus
1120 1463 1226 1538 tuerit,
1270 1480 1357 1522 nemo

377 1546 490 1607 ‹lixerit
504 1544 542 1619 ⁵).

441 1628 527 1688 Sicut
546 1633 576 1687 et
598 1627 638 1689 de
661 1630 842 1710 parentibus
865 1638 897 1691 et
918 1631 958 1693 de
981 1634 1095 1712 patria,
1128 1631 1179 1693 ubi
1201 1639 1294 1694 natus
1315 1630 1359 1706 sit,

376 1711 452 1774 nibil
475 1710 671 1791 protulerunt
694 1722 814 1776 veteres
836 1716 1018 1796 scriptores,
1041 1719 1080 1778 ita
1104 1736 1202 1778 annus
1227 1733 1360 1796 quoque,

378 1816 438 1878 quo
466 1802 571 1857 natum
604 1796 704 1879 dicas,
740 1802 862 1881 ignotus
895 1808 950 1862 est.
1007 1802 1130 1863 Videtur
1157 1801 1209 1861 ille
1238 1800 1360 1880 quidem

378 1883 475 1944 luisse
498 1881 629 1943 intera.
652 1902 680 1943 u.
704 1904 729 1945 c.
753 1888 933 1951 aea—69⁰
949 1885 986 1963 ⁶).
1031 1888 1104 1948 Dies
1128 1893 1230 1947 aulam
1254 1882 1361 1945 natalis

377 1967 432 2025 luit
455 1963 530 2024 ldib.
554 1964 650 2043 April.
667 1966 704 2043 ⁷).
750 1971 851 2039 Quum
881 1987 958 2045 puer
980 1978 1063 2028 esset
1086 1977 1177 2044 atque
1203 1968 1362 2028 adolesce-

377 2054 424 2105 ret
444 2048 616 2119 Maecenas,
644 2048 726 2107 bene
749 2058 841 2127 atque
863 2049 1044 2121 liberaliter,
1073 2057 1105 2105 ut
1128 2050 1225 2106 civem
1248 2051 1363 2107 Rorna-

375 2145 448 2187 num
473 2125 587 2202 decuit,
611 2128 750 2189 eruditus
768 2140 823 2191 est.
866 2132 942 2198 Hinc
965 2130 1080 2193 doctus
1102 2129 1142 2190 ab
1159 2130 1283 2191 Horatio
1308 2148 1363 2211 ap-

374 2208 520 2291 pellatur,
561 2217 592 2269 et
628 2230 786 2276 sermones
821 2216 993 2294 atrinsqac
1023 2214 1159 2296 linguae
1191 2214 1310 2279 doctas
1325 2214 1362 2294 8),

429 2389 455 2453 l)
491 2389 617 2441 Priscian.
643 2388 676 2440 de
694 2388 830 2441 docentih.
857 2390 885 2440 C.
905 2391 931 2443 3.
958 2394 989 2443 V-.
1008 2391 1034 2442 2.
1059 2408 1085 2458 p.
1106 2393 1167 2445 371.
1194 2392 1237 2458 ed.
1263 2392 1360 2445 KreM.

377 2461 410 2514 el.
430 2458 547 2513 Miller.
566 2458 701 2511 Etrnsier
717 2460 736 2510 I.
756 2474 782 2524 p.
795 2458 856 2511 455.

427 2550 457 2616 2)
491 2549 522 2601 V.
542 2563 585 2615 ap.
610 2547 736 2599 Tarrcnt.
757 2552 782 2599 et
803 2547 962 2615 Dempster.
983 2549 1069 2600 Etrur.
1091 2551 1151 2614 Reg.
1172 2553 1187 2602 l.
1209 2553 1224 2603 l.

427 2639 456 2703 3)
491 2639 523 2688 V.
542 2653 570 2703 p.
588 2636 629 2689 19.
649 2650 710 2688 ann.
730 2636 755 2688 3.
779 2664 808 2673 -
881 2634 910 2699 4)
929 2637 1000 2688 Orat.
1020 2652 1069 2702 pro
1089 2638 1190 2690 Cluent.
1210 2640 1251 2702 56,
1265 2642 1325 2694 152.

427 2728 456 2791 5)
491 2727 550 2778 Vid.
570 2731 659 2777 tamen
682 2723 765 2777 Victa
783 2741 810 2791 p.
825 2724 858 2777 16
870 2739 930 2790 sqq.
952 2722 1078 2776 Matttres
1095 2740 1122 2791 p.
1136 2726 1161 2779 8.
1178 2755 1206 2763 —
1232 2730 1361 2782 Aliiltae·

377 2804 485 2853 conates
509 2799 616 2851 luerunt
637 2796 691 2847 tere
714 2795 784 2849 biae:
811 2797 839 2845 ln
863 2796 977 2847 Sallustii
1002 2797 1168 2860 Fragmenta,
1192 2814 1208 2849 a
1232 2801 1306 2851 serv.
1326 2799 1360 2850 ad

376 2871 447 2935 Virg.
466 2873 531 2920 Aen.
553 2868 579 2930 l,
597 2863 658 2919 698.
687 2868 745 2918 Vol.
767 2867 790 2917 l.
819 2880 846 2931 p.
865 2867 923 2918 105,
943 2866 1063 2928 laudato,
1084 2868 1182 2918 mantio
1200 2868 1229 2919 fit
1246 2867 1360 2920 Maece-

377 2939 453 2991 natis
471 2935 598 2998 scribae3
627 2933 658 2986 0.
680 2933 860 2987 Maecenatis
878 2935 957 2986 Helii
980 2936 1006 2986 in
1025 2937 1145 3001 Inscript.
1165 2937 1237 3001 apud
1255 2941 1359 2989 Gruter.

375 3023 403 3075 p.
423 3020 592 3068 asennaa
614 3018 641 3055 v.
663 3003 782 3056 Graevii
798 3006 876 3055 Thes.
897 3008 979 3055 Inscr.
999 3021 1025 3069 p.
1047 3019 1112 3056 ccx.
1132 3006 1187 3055 lnd.
1207 3005 1362 3059 Maecena-

376 3077 432 3141 tis,
456 3077 503 3142 qui
519 3075 587 3126 bello
607 3075 708 3126 Punico
726 3074 835 3135 occidit,
860 3087 904 3138 ap.
925 3074 1017 3126 Silium
1035 3076 1089 3126 Ital.
1105 3074 1199 3137 limi).
1219 3074 1257 3137 (v.
1278 3074 1362 3127 Peri-

376 3161 426 3197 zan
454 3145 612 3196 Animadrv.
633 3143 698 3196 ltist.
718 3158 744 3209 p.
757 3143 800 3194 24.
821 3143 862 3194 ad.
883 3144 1004 3208 Amstel.)
1023 3143 1199 3196 Maecenatis
1218 3143 1363 3196 Praetorii

375 3230 419 3281 ap.
438 3215 580 3267 Herodian.
601 3214 628 3274 7,
648 3214 690 3265 ll.
717 3218 744 3264 et
767 3213 905 3277 capitolin.
925 3215 951 3264 in
971 3212 1102 3264 Gordiano
1121 3227 1145 3266 c.
1162 3212 1205 3264 22.
1231 3219 1256 3265 et
1279 3214 1363 3265 Maxi·

375 3285 440 3336 min.
461 3299 484 3336 c.
502 3283 546 3336 26.
584 3281 640 3332 Sub
657 3284 822 3348 Vespasiano
841 3283 905 3333 vixit
927 3281 953 3332 P.
974 3282 1126 3334 Maecenas
1147 3281 1314 3349 Olympicus.
1334 3297 1360 3332 v.

355 3353 512 3405 Maiiam.
530 3350 643 3418 plsq.
681 3353 760 3417 Apud
783 3355 912 3403 Senecam
931 3352 1035 3403 Rhetor.
1064 3366 1089 3416 p.
1111 3352 1137 3403 9.
1156 3350 1199 3403 23.
1222 3351 1279 3404 195.
1299 3351 1361 3404 319.

377 3422 418 3474 ad.
439 3424 546 3474 Amstel.
567 3421 643 3474 1672.
671 3428 837 3473 memoratur
861 3422 970 3486 quidam
995 3419 1157 3472 Maecenas.
1194 3422 1272 3486 Apud
1295 3423 1360 3472 Ptin.

375 3494 406 3543 N.
425 3493 456 3543 Η.
477 3489 524 3552 28,
542 3489 604 3554 (6.),
625 3490 666 3543 17.
704 3490 859 3542 Maecenas
877 3490 1022 3542 Melissus.
1060 3492 1094 3541 A.
1115 3489 1309 3542 Maecenatem
1331 3503 1363 3541 ex

377 3563 523 3627 fragmento
547 3560 690 3611 marmoris
715 3564 847 3611 memorat
868 3559 1030 3624 Denepster.
1056 3561 1142 3612 Etrur.
1162 3562 1248 3625 Rogat.
1269 3558 1299 3620 2,
1318 3560 1361 3611 55.

375 3644 403 3696 p.
418 3629 493 3681 221.;
512 3667 649 3681 .........
670 3632 699 3680 A.
719 3630 899 3681 MOECENAS.
919 3630 966 3680 RE.
1078 3631 1188 3684 DECUR.
1203 3632 1234 3690 Q.
1248 3631 1361 3681 ARRET.

375 3698 1204 3751 vtr....L1cnt108.Exrt10.alas‚....r.catut...
1242 3699 1309 3750 aad.
1331 3696 1364 3750 G.

376 3767 563 3822 Maecenatis.
578 3765 675 3821 ¹Cestii.
694 3769 722 3818 in
733 3770 868 3820 Thesauro
885 3770 967 3820 lnscr.
989 3767 1135 3820 Masatos.
1155 3784 1181 3835 p.
1191 3781 1364 3828 nncxxvrrr,

377 3838 419 3889 ltt.
447 3837 513 3889 lbid.
534 3851 561 3903 p.
576 3850 698 3899 nuccrv,
714 3837 754 3888 10.
795 3836 819 3889 G
846 3834 1031 3889 Maecenatis.
1052 3837 1240 3890 Maecenatis.
1260 3836 1364 3903 Ipsius.

380 3906 407 3958 l..
433 3905 549 3973 Lysiae,
571 3904 636 3957 ibid.
654 3905 681 3957 9.
704 3905 734 3957 O.
755 3905 911 3957 Maecenas
931 3904 1094 3973 l'trttranqas.
1131 3907 1198 3958 Add.
1221 3904 1305 3958 Garii
1322 3907 1367 3955 ln·

377 3976 479 4039 scripit.
499 3975 587 4042 Antiq.
607 3975 710 4039 laelii.
732 3978 761 4026 ’1.
777 3975 803 4027 2.
823 3990 851 4040 p.
863 3972 914 4025 271
927 3989 987 4041 sqq.
1008 3975 1069 4029 467.

428 4061 457 4124 6)
493 4060 553 4113 686.
584 4062 625 4115 st.
651 4061 738 4116 Victa
765 4079 792 4130 p.
816 4062 848 4114 12
868 4078 928 4130 sqq.
967 4067 998 4116 V.
1026 4080 1097 4131 quaa
1120 4067 1153 4118 ds
1176 4080 1245 4117 anno
1271 4064 1366 4117 mortis

377 4131 493 4184 dumus
515 4143 543 4195 p.
562 4128 605 4182 25.
643 4132 709 4184 Add.
736 4132 879 4185 Watcten.
900 4136 929 4185 T.
947 4136 976 4186 11.
997 4150 1024 4199 p.
1038 4135 1099 4187 326.

431 4199 459 4264 7)
494 4201 582 4250 Horat.
603 4201 691 4254 Carm.
704 4203 732 4265 4,
746 4203 790 4263 11,
804 4203 836 4254 14
847 4217 907 4268 sqq.
935 4205 1076 4270 Perperam
1095 4204 1232 4271 Scatiper.
1253 4203 1364 4268 (Potitia.

377 4270 406 4334 3,
426 4267 499 4332 162.)
518 4269 664 4388 Flpralibus
675 4286 738 4323 aum
756 4277 849 4323 uatum
868 4273 944 4336 dicit,
963 4289 1032 4339 quaa
1049 4275 1250 4327 celebrabantur
1267 4274 1295 4326 in
1313 4273 1367 4324 fine

378 4353 462 4470 mussi
484 4341 583 4461 iiii...
604 4407 690 4462 carm.
709 4408 738 4471 s,
756 4410 784 4474 a,
804 4410 830 4462 s.
866 4413 947 4477 Epist.
969 4413 996 4475 r,
1017 4412 1061 4476 rs,
1082 4415 1105 4464 ι.
