3484 5600
715 842 1028 904 MAECENATIANA.
1320 848 1357 908 21

376 1020 482 1104 σοφὸς
506 1021 546 1083 ab
570 1022 709 1083 Cedreno
725 1025 761 1101 ¹).
807 1022 988 1103 Apolloniae
1010 1042 1081 1084 eum
1109 1025 1207 1087 literis
1236 1046 1362 1107 operam

374 1107 518 1186 dedisse,
545 1113 695 1186 statuunt,
726 1127 765 1168 ex
794 1126 881 1167 more
909 1107 1034 1187 quidem
1058 1110 1279 1187 Romanorum,
1309 1116 1361 1193 qui

373 1194 534 1254 literarum
560 1210 653 1253 causa
677 1194 708 1252 in
731 1192 892 1253 Graeciam
919 1210 953 1252 se
982 1192 1192 1254 conterebant.
1244 1195 1362 1257 Ibidem

374 1294 501 1357 quoque
529 1276 706 1354 Octaviani,
742 1278 794 1355 qui
821 1282 931 1355 postea
958 1277 1167 1337 Romanorum
1196 1279 1362 1359 imperator

374 1362 474 1422 iactus
498 1367 559 1436 est,
594 1361 760 1421 amicitiam
783 1365 876 1438 atque
906 1360 1142 1421 familiaritatem
1171 1360 1230 1423 sibi
1259 1366 1362 1425 conci-

374 1444 470 1506 liasse
495 1451 623 1525 ponunt.
677 1445 773 1504 lmmo
796 1441 835 1502 de
866 1443 1016 1505 industria
1040 1446 1244 1526 Maecenatem
1269 1446 1362 1528 Apol-

375 1529 491 1589 loniam
511 1529 655 1609 petiisse,
681 1534 713 1588 ut
734 1527 776 1587 ibi
801 1527 1020 1606 Octavianum,
1040 1528 1168 1607 jamjam
1191 1549 1209 1591 a
1229 1530 1363 1593 Caesare

374 1630 521 1692 magnum
548 1612 675 1686 iactum,
699 1618 911 1689 cognosceret,
936 1612 992 1671 tuit
1014 1613 1067 1690 qai
1089 1612 1206 1675 diceret
1221 1613 1258 1690 ²).
1299 1616 1364 1677 Huc

375 1699 509 1757 tortasse
530 1697 664 1775 pertinet
687 1693 779 1771 iliud,
807 1695 891 1773 quod
907 1691 1089 1756 Plutarchus
1103 1695 1132 1773 ³)
1156 1698 1362 1760 Maecenatem

375 1778 556 1858 συμβιωτὴν
578 1779 707 1856 Augusti
731 1781 833 1838 vocat:
860 1776 960 1857 Παρὰ
981 1780 1013 1839 δὲ
1027 1778 1184 1855 Μαικήνα
1207 1785 1263 1844 τοῦ
1286 1806 1363 1861 συμ-

373 1866 497 1946 βιωτοῦ
518 1859 592 1923 καθ’
615 1865 745 1933 ἕκαστον
768 1859 907 1923 ἐνιαυτόν
929 1863 960 1923 ἰν
981 1863 1047 1935 τοῖς
1068 1866 1239 1943 γενεθλίοις
1263 1867 1364 1947 ὁαῖρον

373 1944 529 2027 ἐλάμβανε
554 1942 683 2024 φιάλην.
714 1944 776 2005 Sed
800 1945 878 2006 haec
900 1948 1003 2007 omnia
1025 1949 1141 2009 ineerta
1164 1957 1244 2009 sunt.
1277 1955 1364 2028 Συμ-

373 2028 495 2114 βιωτὴς
516 2031 609 2089 etiam
632 2030 761 2107 Augusti
786 2029 982 2107 imperatoris
1013 2030 1072 2091 dici
1103 2039 1224 2110 poterat
1245 2036 1362 2094 Maece·

374 2133 443 2177 uas,
489 2114 551 2173 Hoc
578 2130 651 2171 vero
679 2111 751 2172 nulii
779 2109 957 2173 dubitationi
986 2120 1032 2174 est
1060 2115 1243 2195 obnoxium,
1276 2117 1362 2196 quod

375 2206 496 2261 mature
518 2196 684 2258 amicitiam
696 2196 854 2256 Octaviani
879 2195 938 2258 sibi
960 2198 1097 2277 paravit,
1120 2200 1208 2277 cujus
1225 2202 1359 2261 amicum

374 2284 492 2365 potius,
515 2280 645 2360 principi
669 2279 942 2359 gratiosissimum,
966 2301 1059 2361 quam
1075 2284 1160 2363 regni
1178 2285 1362 2362 ministrum,

377 2374 412 2429 ut
443 2366 546 2427 dicere
576 2363 733 2441 solent⁴)‚
776 2381 847 2424 eum
881 2365 1021 2427 nomines
1036 2365 1081 2445 ⁵),
1114 2385 1207 2446 quem
1237 2370 1363 2429 maximi

375 2469 500 2530 semper
528 2447 660 2509 iaciebat
686 2456 715 2509 et
744 2458 908 2527 antequam
931 2449 1098 2529 imperium
1120 2451 1253 2531 adeptus
1280 2460 1363 2514 esset

375 2542 408 2597 ct
436 2540 599 2614 postquam
627 2534 798 2612 Imperator
833 2551 961 2612 reguum
996 2541 1158 2595 exerceret
1172 2533 1210 2611 θ).
1268 2536 1361 2616 Atqui

430 2712 458 2774 l)
494 2713 523 2762 T.
543 2713 562 2762 1.
585 2726 611 2776 p.
630 2710 691 2763 301.
711 2710 752 2761 ed.
773 2712 856 2761 Bono.

428 2801 457 2867 2)
493 2803 606 2867 Appiae.
627 2801 660 2852 de
678 2799 736 2861 bell.
751 2799 806 2851 Civ.
819 2798 897 2862 3,9.:
922 2797 979 2849 Καὶ
995 2801 1047 2849 τῶν
1065 2794 1196 2866 circadarum
1214 2803 1263 2850 τοῦ
1281 2816 1361 2869 στρα-

374 2873 424 2923 τοῦ
442 2889 524 2929 τινες,
542 2866 574 2926 ὥς
592 2871 706 2934 συγγενεῖ
722 2869 872 2938 Καίσαρος,
892 2865 996 2928 θαμινὰ
1015 2866 1166 2934 ἐπεφοίτων.

426 2960 457 3019 3)
494 2961 686 3025 Apophthegm.
700 2961 759 3023 Reg.
774 2958 909 3023 (August.)
921 2957 946 3010 6.
969 2959 1000 3008 V.
1014 2957 1037 3008 l.
1055 2957 1151 3022 pssdss.
1172 2959 1213 3010 ed.
1228 2959 1361 3024 Wyttenb.

426 3049 456 3113 4)
495 3051 586 3116 Epper
609 3064 636 3114 p.
653 3049 679 3100 6:
710 3047 826 3098 Me'cdae
849 3063 883 3097 ae
906 3048 948 3110 [at
966 3045 1078 3111 jamae‘a
1105 3062 1155 3113 que
1181 3045 1312 3097 ministre
1336 3050 1362 3095 et

376 3118 532 3171 conaeitler
549 3118 657 3169 e'utime.
695 3119 781 3176 Quam
805 3117 860 3167 vim
885 3116 992 3167 omnino
1011 3117 1094 3167 Maec.
1121 3117 1147 3166 in
1171 3130 1227 3180 rep.
1253 3114 1364 3165 admini-

375 3188 486 3239 stranda
507 3187 642 3248 habuerit,
668 3188 782 3238 maxime
805 3187 907 3250 egregie
930 3190 1112 3250 exposuerunt
1128 3187 1181 3235 VV.
1203 3186 1264 3236 Ceti.
1284 3182 1363 3233 Dru-

376 3273 476 3320 marm,
501 3257 608 3319 Haece,
632 3257 683 3307 alii.

428 3346 458 3411 5)
500 3345 641 3396 Wieland.
660 3345 687 3394 in
704 3343 851 3395 introduct.
872 3343 905 3394 ad
925 3343 1016 3395 Horat.
1036 3342 1117 3408 Epist.
1137 3356 1164 3406 p.
1179 3340 1206 3392 3.

429 3436 458 3498 6)
494 3437 542 3486 oio
555 3435 601 3494 52,
614 3435 637 3484 l.
656 3431 798 3500 ἐποιήσατο
817 3431 845 3481 δὲ
863 3427 912 3498 τὴν
924 3427 1061 3495 διάγνωσιν
1072 3424 1138 3490 μετά
1150 3438 1177 3477 τε
1189 3429 1238 3478 τοῦ
1253 3424 1362 3497 Ἀγρίπ-

377 3521 431 3555 που
453 3505 497 3554 καὶ
514 3499 564 3555 τοῦ
581 3500 772 3568 Μαικήναν·
789 3499 894 3556 τούτοις
911 3497 964 3568 γὰρ
983 3497 1073 3550 πάντα
1090 3495 1124 3548 τὰ
1145 3493 1286 3566 ἆπόῤῥητα
1302 3494 1362 3547 ἀνε-

376 3574 472 3625 κοίνου.
503 3576 596 3625 Senec.
617 3573 650 3623 de
669 3573 756 3623 Benet.
775 3573 804 3634 6,
819 3570 862 3623 32.
895 3569 986 3621 Dicae
1006 3571 1148 3634 Aapaatae
1171 3568 1262 3631 filiam
1285 3567 1363 3618 altra

378 3643 576 3708 impudicitiae
607 3641 786 3693 maledictum
816 3639 987 3706 impudicam
1015 3637 1166 3703 caeperat,
1202 3642 1228 3688 ct
1253 3635 1363 3702 flaqitia

377 3712 553 3779 Principale}
570 3711 668 3763 domae
686 3711 716 3762 in
734 3710 875 3776 paelicum
894 3707 998 3759 emisit.
1024 3723 1050 3745 —
1077 3706 1187 3758 Deinde
1204 3721 1299 3773 quana,
1318 3705 1363 3756 ia·

377 3782 514 3845 terpoec'to
537 3787 676 3845 tempore,
705 3779 736 3831 ia
760 3780 850 3831 locam
876 3777 939 3828 irae
967 3777 1085 3828 subiacet
1107 3775 1289 3836 verecundia,
1315 3787 1363 3837 pe·

376 3866 469 3912 mene,
493 3851 565 3918 qaod
582 3867 634 3901 aaa
654 3849 708 3900 illa
727 3849 842 3900 cilentio
859 3846 1025 3911 pressisset,
1044 3860 1113 3912 qaae
1132 3842 1238 3895 tamdia
1256 3841 1361 3892 nescie-

376 3925 438 3979 rat,
463 3919 548 3970 donec
566 3918 642 3985 loqui
660 3925 740 3982 turpe
759 3924 846 3970 esset.-
865 3931 948 3982 caepe
966 3913 1148 3966 exclamavit.-
1168 3911 1276 3962 Horam
1295 3907 1364 3962 milti

377 3986 450 4040 attic
476 3988 639 4050 accidisset,
665 3987 692 4038 α’
715 3993 762 4038 aut
786 3984 932 4055 Aprippa,
957 3989 1004 4035 eat
1025 3983 1211 4034 Maecenas
1234 3978 1361 4032 αἰτίαιν.

379 4055 463 4108 Adeo·
475 4062 516 4108 tat
532 4055 644 4109 debenti
660 4055 753 4108 millia
771 4053 910 4106 heminam
931 4051 1000 4104 daos
1019 4063 1157 4119 reparare
1175 4046 1292 4114 difficile
1311 4055 1362 4099 est.

377 4125 483 4178 Caesae
503 4131 565 4178 amat
583 4125 721 4192 temonem
751 4130 777 4176 et
799 4122 929 4192 protinas
948 4120 1080 4188 scriptae.
1118 4115 1222 4170 Fracta
1240 4115 1363 4178 classim

378 4200 404 4246 et
427 4195 507 4247 iutra
530 4211 635 4263 paucae
661 4194 721 4246 dice
740 4195 848 4246 natavit
870 4207 951 4245 noea.
989 4187 1132 4242 Saevitum
1154 4191 1197 4240 eet
1222 4187 1252 4238 ia
1277 4200 1363 4253 opera
1439 4241 1441 4247 p

377 4264 489 4330 publica
509 4264 634 4332 cyathum
662 4268 846 4316 suffecerant
867 4261 985 4312 arctiora
1003 4256 1164 4310 consumtis.
1206 4256 1276 4306 'i'ota
1292 4254 1363 4317 vita,

378 4333 524 4400 Aprippae
542 4339 569 4385 et
586 4333 624 4385 M
628 4331 812 4385 aeceaatc'e
829 4329 943 4382 oacaor't
960 4329 1037 4379 lacae
1084 4325 1158 4379 Quia
1173 4323 1287 4390 putem?
1308 4321 1363 4374 De-

377 4402 464 4465 faieec
481 4402 590 4455 sinaitae
608 4400 655 4470 qm*
673 4405 896 4462 aeeamereatar‚
915 4415 952 4450 an
972 4394 1063 4462 ipec'aa
1079 4392 1179 4445 citiam
1197 4390 1296 4457 ἰαίνει,
1316 4393 1363 4459 qai

379 4471 478 4525 maluit
502 4471 597 4539 queri,
623 4487 703 4540 quam
727 4469 883 4539 qaae-rere?
920 4466 982 4520 Non
1007 4469 1048 4517 eet
1072 4461 1144 4530 qaod
1163 4461 1362 4524 existimemus,
