3484 5600
375 812 416 873 52
716 802 1026 864 MAECENATIANA.

377 995 487 1066 caput,
519 985 604 1065 quod
629 986 736 1045 vitium
761 983 895 1043 hominis
918 999 987 1043 esse
1009 981 1176 1060 interdurn,
1207 982 1363 1043 interdum

376 1072 525 1149 temporis
548 1068 634 1130 solet.

780 1253 807 1300 V.
846 1253 955 1302 lacerta

448 1385 492 1442 lt.
515 1376 686 1442 Diomedes
709 1379 729 1437 l.
760 1396 788 1456 p.
807 1379 879 1442 366.
902 1376 1033 1439 Puteola.

442 1466 552 1541 Necte,
588 1462 680 1522 nexui
713 1460 760 1521 vel
789 1463 868 1522 nexi.
912 1459 1055 1541 Virgilius
1081 1460 1176 1540 (Aen.
1199 1466 1237 1540 5,
1261 1462 1362 1541 425.):

375 1548 508 1630 palmas
527 1544 695 1611 amborum
717 1548 865 1609 innexuit
886 1548 999 1609 armis.
1032 1544 1136 1605 Livius
1159 1546 1191 1605 in
1206 1545 1362 1627 Odyssea:

377 1630 548 1696 Nexabant
563 1630 678 1791 >multa
706 1632 789 1693 inter
813 1651 854 1694 se.
901 1632 1089 1693 Maecenas:
1113 1666 1152 1676 —
1175 1633 1297 1695 nexisti
1318 1651 1362 1695 re·

379 1720 427 1781 tia
451 1716 589 1779 tecta1.

447 1849 494 1909 12.
518 1848 652 1911 notitias
664 1846 921 1910 Fortunatianus
936 1845 966 1904 in
978 1842 1059 1905 Arte.
1073 1846 1205 1924 ptuit.
1217 1845 1362 1909 Puteoli..-

384 1986 388 1993 .
444 1932 475 1992 Si
498 1933 566 2010 quis
589 1938 691 1992 autem
714 1930 894 2009 quaesierit,
928 1928 1002 2007 quid
1025 1929 1081 2007 ita,
1113 1948 1207 2008 quum
1230 1930 1272 1991 sit
1294 1929 1361 1991 Gal-

378 2014 540 2075 liumbicus
556 2032 680 2090 versus,
703 2011 828 2094 iambici
844 2029 968 2091 quoque
984 2030 1095 2072 nomen
1113 2013 1283 2092 acceperit
1306 2013 1362 2073 hoe

378 2116 484 2175 versu,
508 2100 559 2176 qui
585 2104 632 2156 est
653 2095 736 2175 apud
749 2098 984 2169 Maecenatem,
1010 2095 1089 2161 lecto
1104 2096 1270 2177 intelliget,
1293 2116 1362 2159 eum

277 2191 281 2197 ’
378 2199 414 2242 ex
437 2180 569 2241 iambico
592 2197 716 2259 quoque
740 2178 839 2239 nasci:

440 2267 505 2328 Hic
527 2263 668 2345 nympha
690 2264 799 2344 cingit
818 2263 921 2324 omnis
938 2260 1107 2362 Acheloum
1128 2282 1230 2325 senem
1248 2266 1290 2339 ²).

333 2392 335 2396 ’
442 2401 489 2463 13.
513 2400 649 2473 Seneca,
671 2395 808 2476 Epistola
831 2398 882 2459 92.
905 2394 972 2455 lin:

442 2486 564 2545 Diserte
587 2485 761 2545 Maecenas
783 2482 835 2541 ait:

469 2572 534 2631 Nec
557 2566 716 2630 tumulum
737 2584 832 2641 curo,
855 2565 972 2647 sepelit
989 2571 1110 2629 natura
1132 2562 1276 2629 relictos.

377 2651 445 2714 Alte
469 2653 600 2712 cinctum
621 2656 711 2729 putes
733 2648 864 2726 dixisse;
899 2649 1007 2710 habuit
1036 2651 1118 2711 enim
1149 2648 1310 2729 ingenium
1332 2654 1361 2708 et

376 2735 494 2817 grande
517 2743 548 2797 et
569 2734 671 2811 virile,
693 2734 752 2794 nisi
775 2733 855 2795 illud*
872 2733 1018 2796 secundis
1040 2733 1246 2806 discinxisset.

444 2871 491 2932 lt.
516 2867 759 2948 Quintilianus,
788 2868 929 2929 lnstitutt.
954 2873 1041 2928 oratt.
1064 2871 1098 2945 9,
1123 2869 1157 2945 t,
1181 2869 1237 2932 28:

441 2952 601 3027 Quaedam
626 2973 698 3015 vero
714 2952 978 3030 transgressiones
993 2959 1023 3011 et
1039 2951 1149 3030 longae
1168 2958 1241 3012 sunt
1258 2953 1360 3030 nimis,

378 3045 411 3097 ut
433 3038 648 3118 superioribus
674 3038 807 3098 diximus
829 3033 932 3112 libris,
961 3042 991 3094 et
1017 3035 1137 3096 interim
1162 3036 1252 3096 etiarn
1276 3056 1361 3098 com-

376 3124 527 3200 positione
551 3123 691 3198 vitiosae,
714 3121 840 3202 quaein
856 3120 915 3180 hoc
929 3120 1031 3199 ipsum
1047 3126 1201 3200 petuntur,
1228 3127 1260 3181 ul
1276 3121 1361 3183 exul-

377 3211 443 3268 tent
466 3216 558 3287 atque
582 3207 753 3268 lasciviant:
783 3204 892 3286 quales
914 3203 984 3264 illae
1006 3205 1206 3265 Maecenatis:
1234 3205 1312 3269 Sole
1332 3212 1364 3268 et

377 3310 499 3355 aurora
522 3291 638 3360 rubent
657 3293 812 3370 plurima.
837 3317 895 3338 -·
922 3291 1009 3352 Inter
1030 3308 1128 3352 saara
1150 3291 1252 3353 mouit
1272 3309 1363 3373 aquo

374 3375 537 3454 fraxinos.
561 3413 603 3421 —
646 3377 694 3437 Ne
714 3376 866 3455 exequias
888 3373 1018 3454 quidem
1041 3392 1124 3436 unns
1146 3374 1237 3436 inter'
1251 3378 1363 3439 miser·

377 3461 476 3522 rimos
498 3458 636 3522 viderem
661 3477 747 3520 meas
762 3458 800 3534 ³).

429 3637 456 3700 l)
492 3637 635 3700 al.,tealo;
661 3637 709 3700 leg.
735 3634 816 3688 tecta.
855 3638 905 3688 Pro
930 3635 1095 3689 Maecenate
1120 3640 1153 3689 al.
1182 3637 1363 3705 Propertium

376 3706 493 3758 laudant.
520 3720 544 3756 v.
564 3706 647 3771 intpp.
668 3706 702 3756 ad
720 3706 838 3771 Propert.
859 3706 888 3767 3,
907 3707 935 3767 8,
954 3706 997 3757 37.
1018 3706 1111 3771 pitia.
1135 3707 1177 3759 ed.
1198 3709 1360 3760 Lachmann.

286 3852 289 3858 Ι
376 3777 415 3828 Ad
434 3775 560 3828 canonino
580 3777 710 3839 pertinere
728 3777 780 3828 hoa
798 3777 889 3841 fragm.
905 3775 1058 3842 suspicatus
1073 3781 1114 3829 est
1126 3775 1245 3830 Fronde.
1263 3793 1290 3844 p.
1302 3779 1361 3832 161.

428 3866 457 3928 2)
493 3865 640 3918 Scriverius
661 3867 687 3917 in
707 3866 824 3932 Tragion.
850 3868 905 3917 latt.
925 3867 1045 3931 reliquiis
1064 3883 1090 3933 p.
1105 3867 1293 3930 157.:.„Haec
1312 3884 1365 3934 po·

375 3936 428 3985 tius
452 3937 573 3988 cothurni
602 3937 736 3994 videntur.
767 3950 849 4002 quam
871 3936 1006 3988 prisciano
1031 3939 1137 3990 laudata
1161 3939 1205 3996 (ex
1227 3938 1363 4002 Octavia);

376 4017 541 4068 quamquam
566 4021 596 4059 ex
620 4010 670 4059 alio
694 4006 852 4059 Maecenatis
876 4020 957 4071 opere
980 4009 1006 4057 et
1027 4009 1162 4073 poematia
1185 4007 1262 4059 Matri
1283 4008 1365 4060 Ideae

376 4086 454 4125 sacro
480 4074 620 4141 desumpta
645 4078 694 4141 (ct.
722 4078 814 4141 fragm.
832 4075 875 4138 t.)
898 4080 1013 4141 possunt
1033 4078 1128 4141 videri;
1157 4091 1189 4128 ex
1215 4077 1363 4129 Galliambo

375 4143 466 4207 puta.“
498 4143 575 4193 Batti.
596 4149 673 4198 scen.
695 4149 766 4197 Poet.
788 4148 803 4196 Ι.
818 4148 847 4195 Ι.;
872 4146 1029 4211 „Perperom
1046 4148 1160 4200 Scriver.
1181 4147 1253 4198 dedit
1272 4146 1363 4198 Acie-

376 4211 571 4332 loiiim,bquod
590 4217 702 4267 verbum
722 4216 826 4267 titilius
844 4215 958 4278 genuino
977 4216 1114 4271 substituit
1131 4217 1165 4269 ad
1184 4216 1363 4282 attingendum

375 4296 406 4345 ga
426 4296 477 4333 iarn
500 4286 570 4332 um.‘

427 4371 456 4431 3)
494 4369 621 4421 Plurima
641 4375 679 4421 est
698 4371 782 4424 Ablat.
803 4379 828 4426 et
848 4373 923 4424 raier.
945 4374 979 4424 ad
997 4386 1118 4438 aurora,
1147 4375 1210 4440 qula
1228 4377 1364 4440 trajectio·

376 4452 439 4487 narn
459 4452 540 4489 causa
561 4441 706 4492 afferuntur
724 4446 852 4509 exemplu.
880 4469 911 4480 -
947 4445 976 4493 ln
999 4443 1119 4498 seeundo
1143 4446 1264 4512 exempto
1288 4444 1364 4498 inter
