3484 5600
658 815 875 877 TIRONlllNA.
1176 820 1179 825 '
1237 827 1257 888 3

270 999 369 1061 tuisse
397 997 533 1074 videtur,
566 1016 583 1058 a
613 1015 675 1076 quo
707 995 748 1057 ab
777 996 901 1056 ineunte
934 1003 1046 1077 aetate,
1082 1006 1116 1059 ut
1142 1002 1255 1067 Gellius

269 1091 378 1145 auctor
401 1090 464 1162 est,
494 1081 663 1143 liberaliter
685 1086 732 1141 est
757 1081 911 1142 institutus
929 1079 966 1156 ι).
1009 1082 1162 1150 Graecum
1184 1107 1254 1151 eum

268 1168 425 1228 bemineru
456 1185 519 1228 non
541 1167 653 1242 luisse,
685 1163 741 1225 sed
766 1165 952 1243 Romanum,
983 1166 1030 1226 vel
1062 1185 1099 1227 ex
1127 1170 1184 1251 Ep.
1217 1174 1256 1236 ad

268 1253 336 1313 Div.
364 1256 417 1332 16,
441 1256 470 1316 4.
492 1251 582 1313 iaeile
605 1247 758 1328 intelligas
782 1251 883 1330 (Lyso
905 1252 990 1313 enim
1011 1259 1067 1312 etc.
1090 1257 1171 1335 quia
1193 1275 1256 1321 om-

268 1357 325 1400 nes
344 1336 488 1413 Graeci).
535 1336 603 1407 Quo
626 1341 768 1412 tempore
791 1340 884 1395 natus
907 1334 1013 1411 luerit,
1037 1354 1099 1397 non
1122 1347 1255 1419 constat;

268 1438 372 1501 neque
395 1439 508 1482 annum
530 1418 620 1480 facile
643 1417 822 1479 definiveris
841 1436 880 1477 ex
898 1419 1074 1499 Hieronymi
1097 1421 1178 1501 loco,
1203 1427 1255 1504 qui

267 1506 299 1565 in
322 1505 463 1565 Chronic.
486 1502 600 1564 Enseb.
623 1501 662 1562 ad
685 1502 808 1583 Olymp.
830 1501 954 1562 CXClll.
979 1522 1094 1565 annum
1116 1510 1145 1570 4.
1177 1528 1207 1569 u.
1229 1528 1255 1572 o.

267 1592 341 1653 749.
366 1589 490 1649 scribit:
525 1589 585 1665 „u
608 1586 724 1647 Tullius
746 1588 830 1663 Tiro,
855 1586 1011 1647 Ciceronis
1035 1588 1178 1668 libertus,
1202 1596 1254 1673 qui

267 1674 389 1752 primus
411 1680 501 1733 notas
523 1676 715 1732 commentus
737 1678 798 1748 est,
820 1672 851 1729 in
867 1671 1034 1733 Puteolano
1058 1675 1186 1752 praedio
1201 1695 1253 1737 us·

266 1776 331 1836 que
353 1756 394 1818 ad
416 1757 617 1817 centesimum
639 1773 754 1815 annum
778 1754 965 1815 consenuit.“
1000 1757 1076 1817 ilinc
1091 1760 1116 1818 si
1132 1760 1252 1841 Olymp.

268 1844 342 1903 169.
365 1848 471 1901 natum
494 1840 599 1900 dicere
623 1856 694 1897 eum
711 1838 854 1916 volueris,
880 1838 1001 1912 duobus
1019 1841 1066 1901 vel
1084 1844 1182 1905 tribus
1199 1863 1254 1905 au·

266 1926 317 1983 nis
334 1924 481 1984 Cicerone
503 1925 608 2001 junior
627 1924 698 1996 tuit3
726 1922 808 2001 quod
835 1923 884 1983 vix
907 1924 1076 1985 concedere
1097 1929 1200 2005 possis
1216 1927 1253 2006 ²).

265 2008 399 2079 Quando
422 2027 439 2067 a
462 2016 594 2087 patrono
617 2024 675 2065 suo
695 2007 905 2067 manumissus
926 2008 1028 2084 inerit,
1054 2026 1093 2069 ne
1109 2011 1168 2072 hoc
1185 2014 1253 2090 qui-

264 2091 337 2151 dem
361 2099 444 2152 certo
468 2096 599 2152 constat.
644 2090 771 2148 Referre
794 2096 896 2149 tamen
915 2091 976 2150 hoo
996 2110 1162 2169 possumus
1178 2096 1251 2175 Epi-

264 2175 376 2236 stolam
399 2176 504 2247 Quinti
528 2173 686 2234 Ciceronis
717 2192 755 2232 ex
779 2172 877 2233 Gallia
905 2192 929 2234 s.
955 2176 1122 2252 Britannia,
1155 2196 1251 2257 quum

265 2261 407 2321 Caesaris
429 2259 547 2338 legatus
565 2263 663 2334 esset,
684 2258 846 2336 scriptam,
870 2277 896 2317 a.
912 2277 939 2317 u.
955 2277 981 2318 c.
993 2264 1055 2324 699
1070 2261 1108 2336 ³).
1148 2262 1250 2333 Quum

265 2344 374 2404 Cicero
397 2341 563 2423 proconsul
588 2341 726 2401 Ciliciam
751 2342 938 2420 provinciam
963 2342 1074 2423 adiret,
1104 2363 1176 2406 eum
1198 2365 1250 2407 co·

264 2428 392 2487 milatus
419 2434 467 2487 est
488 2428 569 2486 Tiro.
601 2426 638 2485 el.
662 2424 702 2485 ad
725 2426 792 2485 lliv.
821 2430 872 2504 16,
896 2430 925 2490 4.
954 2428 1154 2506 provincialia
1183 2430 1250 2491 olli·

264 2512 326 2585 cia;
361 2510 401 2572 ad
428 2513 488 2570 Ait.
517 2515 552 2586 5,
574 2513 629 2573 20:
670 2508 754 2588 quod
783 2528 871 2570 meus
899 2510 939 2571 ad
968 2516 997 2571 te
1024 2511 1127 2572 Alexis
1150 2512 1250 2592 (Tiro)

263 2596 338 2655 lacit
352 2593 390 2670 ⁴).
435 2596 604 2655 Revertens
626 2595 657 2653 in
679 2594 787 2653 itinere
815 2595 844 2653 iu
877 2593 1018 2656 morbum
1048 2614 1175 2675 gravem
1203 2600 1250 2658 in-

264 2678 340 2739 cidit
367 2680 437 2739 Tiro
465 2698 492 2738 a.
522 2697 551 2737 u.
581 2698 607 2738 c.
635 2680 720 2754 703,
755 2678 796 2738 ita
825 2685 857 2738 ut
885 2680 992 2740 Cicero
1020 2680 1133 2759 PatriS,
1168 2700 1251 2762 quae

263 2764 400 2826 Achaiae
436 2762 512 2824 urbs
545 2770 624 2842 erat,
662 2780 731 2822 enm
768 2761 946 2843 relinquere
979 2770 1156 2842 cogeretur3
1189 2783 1250 2847 qua

261 3067 347 3105 causa
370 3050 496 3118 permoti;
529 3053 622 3101 contra
645 3063 715 3115 quos
746 3049 867 3114 pluribus
895 3048 1041 3114 disputarit
1063 3047 1250 3113 disputationis

262 3128 363 3173 auctor
379 3137 406 3186 p.
421 3121 438 3172 3
458 3125 483 3170 et
500 3118 525 3170 4.
562 3120 635 3170 Idem
653 3135 680 3184 p.
699 3119 732 3170 83
751 3123 777 3169 et
794 3119 827 3170 84
847 3118 880 3170 de
898 3118 1019 3184 pluribus
1038 3118 1179 3169 Tironibus
1196 3122 1251 3168 tra-

261 3197 330 3253 6161,
362 3191 408 3254 qui
433 3189 538 3255 quidem
562 3194 636 3239 sunt:
662 3187 813 3240 Numisius
836 3188 906 3238 Tiro
928 3189 1001 3253 apud
1026 3188 1109 3239 Cicer.
1134 3194 1160 3239 et
1182 3189 1247 3239 llist.

262 3261 296 3312 de
315 3261 376 3310 Bell.
397 3261 490 3320 Afric,
521 3257 591 3308 Tiro
610 3257 732 3310 Sabinus
750 3257 822 3322 apud
845 3259 907 3308 run.
931 3259 959 3306 N.
980 3259 1011 3308 H.
1035 3256 1080 3320 (ci.
1099 3256 1159 3309 inlr.
1179 3259 1250 3310 Mae-

261 3331 401 3383 cenatiana
424 3329 448 3392 5.
468 3327 497 3389 4,
515 3326 585 3389 at),
617 3326 774 3379 Calestriue
796 3326 865 3378 Tiro
889 3328 915 3378 in
940 3328 1002 3378 Plin.
1027 3328 1140 3394 Epist„
1154 3327 1250 3379 Aemi·

262 3401 318 3451 lius
340 3398 409 3448 Tiro
434 3397 507 3462 apud
526 3398 641 3462 Ulpium,
673 3397 768 3447 Attius
792 3395 1065 3462 TiroDeIplridius,
1091 3398 1198 3460 nneror,
1221 3397 1248 3449 in

261 3475 363 3520 Auson.
384 3469 531 3533 Epigram.;
560 3466 658 3532 quibus
679 3466 749 3518 addo
771 3468 876 3530 plures,
902 3481 970 3531 quos
989 3473 1137 3519 memorant
1154 3467 1249 3518 inscri-

261 3539 368 3605 ptiones
386 3538 458 3603 apud
478 3540 570 3587 Graev.
597 3551 624 3600 p.
642 3534 728 3597 84,2.
756 3536 844 3597 89,5.
877 3537 938 3598 156,
955 3535 980 3587 4.
1009 3537 1071 3598 stri,
1093 3539 1117 3587 1.
1143 3534 1245 3594 5997.

261 3608 325 3668 566,
346 3609 370 3659 7.
397 3606 461 3670 820,
481 3608 522 3657 ll.
550 3605 663 3668 1157,6.
694 3605 771 3667 1135,
785 3606 811 3656 6.
849 3605 923 3656 Adde
940 3608 1021 3658 etiam
1039 3604 1177 3668 Apinium
1198 3604 1247 3656 ri-

260 3693 357 3728 ronem
376 3677 449 3742 apud
467 3677 550 3728 Tacit.
570 3677 662 3727 histor.
682 3674 711 3739 5,
730 3675 772 3727 57.
794 3675 836 3726 76.

315 3765 342 3828 l)
379 3765 412 3816 cl.
439 3764 492 3815 Cic.
517 3765 565 3829 Ep.
591 3765 626 3814 ad
649 3765 705 3815 Div.
732 3765 777 3826 16,
796 3764 821 3815 3.
847 3768 872 3814 et
898 3765 938 3817 16.
977 3767 1039 3816 Geli.
1065 3766 1092 3825 7,
1116 3763 1144 3824 3,
1167 3762 1192 3812 8.
1220 3765 1247 3812 et

261 3835 307 3896 13,
325 3836 351 3886 9.
395 3834 538 3884 ll'ieloud.
560 3834 594 3885 ad
613 3835 666 3885 Cic.
689 3836 734 3900 Ep.
755 3834 799 3884 lib.
821 3833 861 3884 10.
887 3835 933 3899 Ep.
955 3834 996 3885 31.
1023 3834 1080 3884 Vol.
1100 3830 1126 3882 4.

312 3921 341 3984 2)
377 3922 411 3973 ci.
436 3923 517 3987 Epist.
543 3923 576 3974 ad
600 3925 650 3974 Att.
675 3924 704 3983 6,
729 3923 758 3973 7:
788 3922 849 3972 nihil
874 3923 917 3973 illo
937 3923 1113 3974 adolescente
1133 3918 1243 3975 castius.

259 3993 288 4053 7,
307 3991 337 4042 2:
368 3991 584 4048 adolescentem,
609 3998 639 4042 ut
656 3994 734 4043 nosti.
760 3992 822 4041 Geli.
843 3993 871 4051 7,
889 3991 913 4041 3.

310 4078 341 4143 3)
377 4081 416 4130 Ad
434 4081 549 4144 111616,
565 4082 604 4132 ro.
633 4082 666 4132 ol.
688 4093 798 4145 quoque
816 4079 893 4143 epist.
907 4078 940 4130 14
959 4075 1086 4140 scriptam
1104 4079 1142 4128 ld.
1164 4078 1243 4143 April.

259 4163 285 4201 u.
299 4164 324 4201 c.
337 4148 390 4201 699
406 4150 435 4200 in
455 4152 586 4214 Cumano,
604 4151 650 4201 ubi
665 4152 757 4202 Cicero
774 4148 875 4199 Tironi:
897 4149 1033 4198 conserve
1051 4151 1078 4198 te
1094 4146 1170 4209 mihi,
1188 4148 1246 4198 dies

258 4219 455 4284 promissorum
480 4220 566 4283 adest3
595 4234 675 4284 quem
698 4219 777 4270 etiam
800 4215 1021 4282 repraesentabo,
1048 4217 1071 4267 si
1094 4215 1245 4272 advenerim

257 4290 406 4354 intelligunt
427 4290 496 4341 diem
519 4289 737 4340 manumissionis
757 4287 915 4350 promissae.
954 4285 1017 4335 Post
1034 4298 1058 4334 a.
1079 4284 1114 4336 59
1138 4296 1162 4333 a.
1183 4284 1244 4332 Clu.

259 4360 456 4410 manumissum
476 4359 540 4410 dicit
557 4359 703 4410 mamona
725 4357 754 4406 T.
773 4356 815 4405 vt.
844 4368 870 4418 p.
890 4353 951 4406 496.

312 4445 341 4508 4)
378 4462 403 4499 r.
428 4446 565 4498 Wielond
581 4447 614 4496 ad
633 4447 658 4495 li.
680 4446 695 4494 l.
727 4443 761 4495 ci.
782 4443 827 4508 Ep.
848 4443 883 4492 ad
900 4444 952 4492 att.
966 4437 1018 4501 ll,
1040 4438 1079 4491 to.

1003 4543 1035 4597 μ
