3484 5600
603 785 916 848 nancananarnt.
1212 792 1253 854 47

325 972 359 1030 ln
382 969 462 1029 Divo
485 985 608 1047 qnoque
631 967 784 1045 Angusto,
807 985 898 1045 quem
922 969 1062 1030 universa
1086 974 1253 1037 mortalitas

265 1054 375 1115 inhac
397 1069 532 1113 censura
549 1053 575 1127 ¹)
603 1057 774 1129 nuncupat,
808 1052 834 1111 si
863 1050 1027 1131 diligenter
1054 1056 1253 1119 aestimentur

266 1146 385 1213 cuncta,
414 1155 525 1216 magna
553 1136 646 1196 sortis
676 1134 830 1196 hnmanae
863 1138 1057 1216 reperiantur
1086 1140 1252 1205 volumina.

265 1222 396 1301 ltepulsa
420 1260 463 1269 -
489 1220 722 1298 proscriptionis
743 1218 861 1279 invidia
884 1254 925 1265 -
948 1220 1138 1302 Philippensi
1161 1245 1253 1306 proe·
1305 1251 1309 1258 ·

266 1307 302 1367 lio
324 1304 455 1366 morbus
479 1303 653 1383 (Augusti),
686 1303 775 1381 iuga,
806 1310 835 1363 et
866 1303 967 1365 triduo
997 1306 1027 1365 in
1055 1307 1171 1386 palude
1201 1330 1253 1372 ae-

265 1390 352 1469 groti,
377 1391 414 1449 et'
430 1390 479 1469 (ut
494 1389 626 1448 latentur
640 1387 777 1466 Agrippa
793 1396 824 1448 et
838 1388 1025 1468 Maecenas)
1050 1409 1130 1471 aqua
1146 1394 1253 1456 subter

267 1482 366 1536 cutem
390 1473 458 1534 lusa
482 1469 596 1551 turgidi
621 1470 755 1549 latebra,
781 1479 837 1532 ete.
854 1471 892 1547 ²).

323 1621 356 1681 9.
401 1617 550 1696 Plinius,
571 1613 730 1674 Nat'llist.
745 1613 801 1691 lX,
816 1614 861 1677 8.;

324 1701 406 1761 Divo
427 1700 568 1780 Augusto
597 1697 752 1777 principe,
783 1695 986 1776 (Delphinus)
1016 1701 1180 1761 lucrinum
1208 1700 1268 1774 la·‚

263 1803 333 1845 cnm
358 1786 516 1862 invectus,
545 1782 691 1863 pauperis
714 1780 875 1858 cujusdam
898 1799 1046 1860 puerum,
1076 1802 1114 1843 ex
1138 1786 1252 1861 Bajano

264 1867 411 1927 Puteolos
437 1868 469 1925 in
493 1866 598 1927 ludum
627 1865 961 1943 literarinmitantem,
992 1884 1061 1926 eum
1085 1866 1254 1928 meridiano

217 1987 218 2028 3
265 1952 438 2011 immorans
467 1950 648 2030 appellatum
685 1965 757 2009 eum
788 1948 922 2008 Simonis
950 1950 1093 2027 nomine,
1128 1953 1254 2030 saepius

217 2035 218 2040 ’
264 2035 447 2115 fragmentis
460 2035 564 2113 panis,
587 2054 679 2115 quem
705 2034 745 2094 ob
768 2031 800 2093 id
823 2031 958 2112 terebat,
982 2033 1150 2115 allexisset,
1176 2035 1253 2097 miro

265 2138 371 2179 amore
394 2118 505 2179 dilexit.
548 2118 669 2198 Pigeret
692 2119 822 2195 referre,
849 2118 880 2176 ni
906 2136 956 2178 res
981 2120 1200 2201 Maecenatis,
1224 2130 1255 2183 et

264 2203 406 2281 Fabiani,
430 2209 461 2262 et
482 2202 577 2263 Flavii
594 2203 662 2261 Altii
688 2202 771 2280 (hilii
787 2199 900 2281 Aviti),
923 2202 1151 2284 multorumque
1173 2212 1255 2266 esset

264 2288 359 2348 literis
388 2285 545 2348 mandata.
590 2289 783 2366 Quocunque
813 2284 872 2346 diei
904 2293 1040 2368 tempore
1070 2290 1253 2353 inclamatus

265 2390 279 2431 a
300 2390 413 2451 puero,
443 2371 586 2450 quamvis
609 2371 745 2431 occultus
769 2376 861 2449 atquc
884 2369 1024 2451 abditus,
1054 2374 1174 2434 eximo
1199 2373 1254 2434 ad-

265 2454 403 2515 volabat:
434 2461 605 2534 pastnsque
632 2474 649 2515 e
672 2474 766 2516 manu
790 2452 963 2534 praebebat
985 2474 1153 2517 ascensuro
1181 2456 1253 2517 dor-

264 2559 347 2617 sum,
371 2540 487 2619 pinnae
509 2540 634 2600 aculeos
656 2539 740 2600 velut
763 2540 873 2618 vagina
897 2538 1050 2599 condens:
1081 2547 1253 2618 receptum-

265 2641 323 2702 que
351 2622 498 2684 Puteolos
526 2641 585 2701 per
610 2641 756 2703 magnum
785 2641 902 2703 aequor
929 2623 961 2682 in
989 2622 1098 2684 ludum
1127 2623 1254 2701 terebat,

265 2706 355 2766 simili
379 2704 473 2766 modo
494 2706 647 2768 revehens
669 2706 810 2787 pluribus
828 2709 929 2784 annis;
953 2707 1054 2768 donec
1072 2708 1182 2770 morbo
1200 2727 1254 2769 ex-

265 2792 374 2852 stincto
398 2809 508 2872 puero,
543 2790 677 2853 subinde
701 2792 744 2865 ad
763 2801 944 2854 consuetum
967 2792 1068 2852 locum
1090 2795 1255 2870 ventitans,
1343 2833 1348 2838 -

265 2877 362 2937 tristis
391 2883 422 2935 et
445 2877 594 2937 moerenti
622 2876 747 2955 similis,
782 2877 850 2956 ipse
878 2894 1003 2955 quoqne
1032 2876 1136 2955 (qnod
1162 2895 1254 2938 nemo

265 2959 425 3036 dubitarit)
447 2959 603 3022 desiderio
626 2962 804 3041 exspiravit.

328 3045 407 3103 Hinc
429 3046 585 3124 excerpsit
608 3046 640 3105 C.
664 3046 721 3106 lul.
745 3042 850 3109 Solia.
877 3046 1072 3126 Polybistor.
1096 3046 1253 3125 C.Xll,7:

329 3128 410 3187 Divo
424 3127 561 3208 Augusto
584 3129 734 3209 principe,
757 3131 786 3189 in
801 3131 970 3212 Campania
985 3129 1162 3212 delphinem
1176 3149 1256 3211 puer

264 3213 445 3291 fragmentis
468 3213 558 3293 panis
581 3215 682 3294 primo
705 3215 813 3292 illexit,
837 3223 868 3276 et
880 3217 912 3276 in
930 3221 1046 3275 tantum
1063 3212 1255 3291 consuetudo

265 3296 376 3371 valuit,
399 3303 431 3355 ut
445 3295 591 3358 alendum
607 3317 641 3359 se
654 3299 866 3360 etiammanui
882 3300 979 3379 ipsius
996 3298 1146 3360 crederet.
1176 3300 1254 3377 Mox,

264 3397 363 3459 quum
377 3380 561 3458 prolusisset
576 3382 704 3462 puerilis
727 3383 869 3464 audacia,
892 3385 970 3445 intra
987 3385 1086 3464 spatia
1109 3402 1181 3444 eum
1196 3384 1254 3444 Lu-

264 3464 343 3523 crini
363 3463 451 3525 lacus
475 3466 641 3528 vectitavit:
666 3466 748 3528 unde
770 3468 926 3550 effectum,
950 3476 983 3529 ut
1002 3469 1148 3547 aBajano
1165 3469 1255 3530 litore

265 3547 455 3628 equitantem
481 3567 614 3629 puerum
635 3551 777 3612 Puteolos
807 3572 907 3634 usqne
935 3553 1071 3616 veheret.
1114 3555 1178 3614 Hoc
1200 3570 1256 3633 per

265 3648 364 3693 annos
385 3632 537 3713 plurimos
560 3633 676 3696 tamdiu
698 3643 833 3715 gestum,
864 3637 964 3699 donec
986 3638 1111 3700 assiduo
1135 3643 1256 3717 specta*

265 3715 334 3776 culo
359 3715 517 3778 desineret
538 3719 722 3780 miraculum
743 3738 829 3800 esse,
858 3722 942 3802 quod
970 3723 1145 3801 gerebatur.
1190 3718 1255 3779 Sed

264 3798 319 3860 ubi
348 3799 425 3859 obiit
451 3820 541 3880 puer,
574 3803 635 3864 sub
664 3803 760 3864 oculis
788 3805 921 3885 publicis
951 3807 1105 3868 desiderio
1132 3805 1198 3879 ejus
1223 3808 1256 3865 et

262 3900 409 3944 moerore
437 3884 564 3966 delphin
592 3888 714 3948 interiit.
767 3890 888 3968 Pigeret
909 3890 968 3950 hoc
991 3903 1188 3965 asseverare,
1222 3886 1255 3947 ni

263 3969 467 4032 Maecenatis
498 3976 529 4030 et
555 3971 697 4049 Fabiani,
727 3971 957 4052 multorumque
984 3979 1146 4052 praeterea
1172 3976 1256 4034 esset

264 4049 364 4112 literis
386 4054 647 4134 comprehensum
662 4053 701 4132 3).
779 4124 785 4133 ,
1034 4076 1038 4083 ’

317 4215 345 4280 l)
382 4216 403 4271 i.
423 4233 446 4268 e.
470 4233 550 4285 mam
568 4206 750 4280 consentiam,
771 4217 913 4284 judiciam
937 4216 1082 4279 fereadum
1102 4220 1143 4267 eet
1161 4215 1194 4267 de
1211 4215 1226 4280 f
1241 4243 1255 4260 ψ

265 4284 383 4337 licitare.
427 4313 456 4322 -
548 4286 577 4353 2)
613 4289 646 4338 cl.
666 4287 779 4338 Kranae
797 4288 831 4338 de
848 4285 940 4338 tontih.
960 4289 1069 4337 sueton.
1090 4285 1174 4349 ΜΒ.

314 4355 344 4417 3)
382 4356 416 4407 oi.
435 4358 496 4408 Gelt
516 4358 600 4409 Noctt.
619 4360 671 4407 aa.
691 4359 721 4416 7,
740 4357 765 4408 8.
792 4357 890 4407 helien.
911 4359 941 4407 V.
961 4359 992 4407 fl.
1010 4357 1036 4416 6,
1050 4354 1092 4405 1⁵.
1106 4381 1139 4392 -
1162 4353 1255 4425 lippet·

263 4437 292 4488 p.
306 4423 349 4475 83.
371 4439 387 4475 e
404 4426 578 4478 carminibus
596 4427 663 4479 haec
681 4425 740 4477 tort.
759 4426 854 4478 batista
871 4439 933 4476 essa
948 4425 1111 4489 suspicatur.
