3484 5600
610 436 921 497 Maaccnnrrartn.
1219 442 1261 505 35

263 624 397 701 invenit,
428 621 511 702 quod
541 629 672 701 patrono
700 619 911 696 tribuebatur;
949 620 1063 681 domini
1095 640 1260 685 servorum

265 708 327 770 sibi
342 706 508 780 'vindicant
530 705 631 767 studia
649 704 684 781 ¹).
706 739 745 749 -
780 703 1077 766 Tribuunturetiam
1091 708 1259 769 Maecenati
1364 730 1366 738 ·

264 791 388 854 calidae
416 791 587 852 natationes
603 789 646 867 ²),
677 797 706 849 et
734 787 832 868 dapes
861 788 1076 867 exquisitiores
1091 789 1128 866 ³).
1150 791 1259 853 ‘Vale-

264 876 384 937 tudinis
418 876 550 936 tortasse
583 872 779 952 adjuvandae
818 891 910 934 causa
944 873 975 931 in
1018 874 1129 936 talibus
1164 874 1258 937 rebus

265 978 394 1040 operam
418 961 522 1039 posuit
536 962 574 1036 4).

333 1163 360 1239 ξ.
382 1166 411 1225 t.
463 1162 510 1223 De
532 1161 733 1224 Maecenatis
753 1160 903 1239 scriptis,
937 1158 1065 1222 additis
1087 1178 1217 1222 aarum

663 1242 868 1323 fragmentis.

334 1394 371 1453 Ut
392 1393 526 1471 primum
549 1391 580 1451 in
611 1389 787 1452 universum
812 1388 985 1467 disputem,
1016 1390 1090 1468 quid
1120 1391 1256 1451 sentien-

266 1480 346 1538 dum
368 1477 408 1537 sit
430 1476 469 1537 de
490 1474 543 1550 iis,
565 1490 645 1552 qnae
667 1471 761 1532 literis
786 1472 944 1533 mandavit
961 1476 1119 1535 Maecenas
1135 1471 1175 1550 ⁵),
1198 1474 1258 1536 hoc

267 1578 365 1622 uerno
387 1561 452 1619 iere
473 1559 601 1639 ignorat,
623 1575 658 1616 ea
681 1574 740 1615 non
765 1557 838 1616 tanti
863 1556 970 1654 tuisse,
992 1564 1025 1618 ut
1047 1558 1258 1637 interprimos

267 1645 381 1706 aetatis
404 1662 481 1703 suae
503 1641 667 1724 scriptores
692 1640 719 1699 ei
743 1640 845 1701 locum
862 1641 1020 1721 assignare
1035 1660 1141 1721 queas.
1172 1643 1257 1702 Bono

266 1728 347 1800 adeo
386 1726 621 1805 disciplinarum
656 1725 718 1786 sato
756 1726 886 1803 periisse
923 1733 1032 1787 cuncta
1061 1726 1257 1805 Maecenatis,

267 1813 384 1892 quippe
407 1812 459 1890 qui
482 1816 608 1889 arguto,
640 1816 672 1868 ut
694 1809 795 1886 ajunt,
827 1816 856 1870 et
880 1808 1028 1871 discincto
1052 1810 1130 1890 stylo
1155 1811 1257 1873 omnia

267 1896 456 1975 corruperit,
489 1894 563 1955 dicit
585 1893 753 1957 Camasat.
780 1894 799 1952 Ι.
822 1893 841 1953 l.
867 1913 898 1972 p.
916 1897 987 1957 941.
1030 1894 1205 1975 Augusto
1193 1907 1257 1972 Jaru

268 1981 411 2040 novimus
440 1978 576 2039 ludibrio
606 1978 703 2038 tuisse
732 1979 890 2037 cincinnos
921 1977 1178 2061 μυοοβσεχεῒςθ)
1221 1979 1258 2039 Et

322 2179 351 2242 1)
322 2178 435 2230 litio
459 2178 504 2238 55,
523 2179 547 2229 7
574 2178 631 2230 fin:
666 2175 778 2262 prircc
802 2176 895 2245 σημεῖά
918 2197 978 2229 τινα
1001 2178 1163 2262 γραμμάτων
1192 2177 1258 2247 πρὸς

266 2245 349 2311 reiron
366 2245 465 2314 ἐξεῦρε,
490 2246 534 2296 καὶ
556 2244 626 2295 αὐτὰ
649 2244 692 2296 διὰ
713 2244 824 2297 >lenton
846 2246 1031 2315 ἀπελσυιθέρσι
1054 2247 1162 2312 συχνοὺς
1180 2248 1257 2307 circii·

267 2318 409 2440 authent.
434 2317 542 2376 Cedren
564 2319 579 2366 Ι
600 2319 616 2366 1
655 2317 838 2368 Watctenner
862 2321 891 2369 T
910 2322 939 2371 11.
965 2335 991 2385 p,
1013 2320 1074 2372 353.
1112 2319 1257 2373 Frendeen

267 2404 284 2453 T
383 2400 426 2450 ⁸⁴1·

319 2474 358 2537 2)
385 2475 469 2525 litet.
488 2476 505 2524 Ι.
533 2471 642 2543 Πρῶτός
664 2492 692 2523 τε
716 2472 908 2544 κσλιμβήθραν
931 2479 1034 2545 θερμοῦ
1060 2471 1188 2533 ἱ’δατσς’
1176 2495 1202 2526 rr
1223 2481 1257 2549 τῇ

266 2540 343 2595 atta·
360 2540 538 2593 κατεσκεύασε

315 2633 349 2699 3)
385 2633 448 2684 Ptin
467 2635 497 2684 N
521 2632 640 2693 Η8,68,
653 2632 696 2684 43.
710 2633 754 2683 tin
782 2632 879 2685 Pullos
896 2632 1051 2697 earum(m
1026 2634 1170 2699 mularum)
1191 2650 1256 2703 epa·

267 2702 325 2755 tari
343 2701 496 2754 Maecenas
518 2700 655 2762 instituta,
679 2702 792 2752 maltum
817 2719 849 2754 eo
875 2708 997 2784 tempore
1019 2705 1165 2771 praelatos
1188 2720 1255 2755 orra-

266 2772 346 2840 cri83
372 2777 435 2836 post
455 2787 514 2822 eum
533 2769 643 2822 interiit
662 2771 819 2823 auctoritas
835 2772 956 2841 saporis

314 2862 347 2924 4)
383 2863 418 2915 ci.
444 2861 591 2923 Heindorf.
616 2862 761 2914 Introduet.
786 2863 813 2913 in
836 2863 927 2914 Horat.
952 2864 1037 2915 Serui
1060 2861 1088 2924 2,
1106 2862 1131 2914 t.
1162 2861 1256 2912 aar·

266 2931 385 2983 ctenaer
408 2932 436 2982 T.
456 2933 474 2981 Ι.
502 2947 528 2996 p.
548 2929 610 2980 431.

317 3019 349 3082 5)
366 3005 368 3008 ¹
385 3019 477 3080 Poeta,
507 3023 538 3069 ut
559 3019 675 3079 videtur,
699 3019 797 3081 taetuS,
821 3022 949 3085 quoniam
974 3036 989 3072 a
1012 3021 1098 3086 poetis
1121 3021 1176 3072 iere
1200 3024 1258 3072 crat

265 3088 457 3140 circumdatus.
488 3089 521 3138 ct.
543 3086 626 3137 Ktotz
647 3090 662 3138 Ι.
683 3090 699 3139 t.
724 3103 750 3152 p.
765 3089 811 3152 94,
830 3092 900 3141 med.

287 3201 294 3205 ·
314 3176 346 3240 6)
382 3179 455 3228 Suet.
476 3178 535 3227 Vita
554 3178 665 3242 Augusti
689 3191 711 3228 c.
733 3177 775 3228 86.
803 3164 966 3240 „Cacozeios
985 3185 1010 3232 et
1028 3181 1204 3249 antiquarios,
1226 3183 1257 3230 ut

266 3245 374 3297 diverso
394 3260 493 3310 genere
508 3245 631 3313 vitiosos,
648 3247 707 3310 pari
726 3247 831 3299 fastidio
850 3251 951 3313 sprevit
968 3250 1135 3315 (Augustus).
1166 3249 1258 3314 Exagi-

264 3315 393 3380 tabatque
415 3330 609 3380 nonnunquam
633 3315 753 3381 inprimis
772 3316 966 3370 Maecenatem
986 3333 1078 3383 suurn,
1104 3322 1182 3382 cujus
1205 3336 1256 3376 nv·
1322 3355 1329 3360 .

265 3388 411 3452 ρσβρεχεῖς,
435 3390 465 3435 ut
483 3386 531 3448 ait,
560 3385 703 3435 cincinnos
722 3401 919 3453 usquequaque
944 3390 1123 3453 persequitur,
1151 3393 1176 3440 et
1197 3387 1257 3442 imi-

264 3455 345 3504 tando
363 3468 413 3518 per
428 3457 520 3517 jocum
540 3455 656 3505 irridet.“
673 3455 719 3517 [ci.
740 3456 793 3506 Cic.
816 3457 849 3507 dc
867 3459 936 3507 Orat.
956 3460 1001 3519 111,
1020 3457 1067 3517 25,
1087 3458 1147 3509 1⁰1:
1166 3457 1256 3521 Atque

263 3537 294 3573 eo
311 3523 400 3574 citius
418 3523 447 3573 e'n
466 3524 593 3574 oratoris
611 3529 658 3574 ant
680 3523 709 3574 in
727 3531 826 3590 poetae
844 3526 986 3577 cincinnis
1004 3542 1039 3577 ac
1055 3527 1119 3590 fuce
1139 3523 1255 3588 effendi-

264 3593 331 3654 σωκ]
369 3593 486 3643 Macrob.
512 3595 643 3643 Saturnat.
669 3593 713 3643 tib.
739 3596 768 3644 11.
794 3609 818 3645 c.
840 3595 865 3646 4.
901 3595 991 3655 „Idem
1016 3599 1163 3658 AugustuS,
1190 3593 1255 3659 quia

263 3659 458 3712 Maecenatem
482 3677 562 3713 suum
586 3668 697 3712 noverat
716 3677 776 3713 esse
794 3665 863 3728 styio
882 3665 1008 3725 remisso,
1025 3663 1106 3727 anotli
1125 3668 1152 3714 et
1167 3663 1255 3714 disco

261 3730 330 3791 tuto,
354 3732 434 3781 tatem
451 3745 482 3782 se
499 3734 526 3783 tn
544 3732 674 3796 epistntis‚
698 3746 766 3796 quas
785 3734 819 3783 ad
838 3747 901 3784 eum
919 3732 1065 3795 scribebat,
1084 3733 1191 3797 saepius
1209 3746 1256 3782 ex

261 3798 380 3851 bibebat
411 3801 442 3850 Et
461 3807 553 3853 contra
573 3802 771 3866 castigationem
790 3803 930 3868 loquendi,
948 3816 1030 3866 quam
1047 3804 1112 3854 alias
1129 3803 1172 3852 itte
1188 3801 1256 3852 sen·-

260 3867 351 3919 bendo
369 3871 506 3932 sanabat,
534 3872 561 3921 in
585 3873 696 3935 epistota
719 3872 754 3922 ad
772 3871 965 3922 Maecenatem
989 3873 1108 3923 inmitiari
1130 3873 1206 3936 ptura
1227 3870 1255 3921 in

259 3939 339 3998 iocos
359 3940 444 3994 eflusa
467 3910 614 3992 subtexuit:
640 3942 702 3990 Vate
720 3943 772 3992 met
791 3942 909 4005 gentium
927 3943 1052 4004 VeJ'orum
1070 3947 1098 3992 et
1118 3940 1255 4001 Meduana,

259 4010 386 4060 metuetis
404 4009 553 4072 (melculo),
577 4011 645 4062 ebur
662 4024 694 4064 cn
712 4011 846 4072 Hetrurr'a,
865 4011 938 4062 iscar
955 4012 1117 4072 Ancaeum,
1144 4008 1254 4061 adamae

260 4089 405 4142 supernas,
424 4080 578 4132 Tiberinum
598 4080 782 4144 margaritum,
801 4079 946 4132 Citnicrum
964 4079 1117 4145 smaragde,
1138 4078 1256 4147 inspiti-

1003 4187 1046 4240 3*
