3484 5600
500 823 538 883 ιι
881 810 1101 875 ΤΙΒΟΝΙΑΝΑ.

499 1001 570 1062 liter
592 998 741 1072 instituto,
769 993 1037 1071 adminiculatore,
1068 999 1098 1054 et
1125 993 1215 1072 quasi
1244 992 1435 1059 administro
1459 1001 1480 1060 iu

498 1084 608 1147 studiis
631 1082 785 1141 literarum
802 1080 908 1140 Cicero
932 1096 1006 1139 usus
1024 1079 1136 1154 iuerat,
1160 1077 1269 1139 Cicero
1286 1080 1361 1160 ipse
1378 1082 1481 1147 κανόνα

498 1188 570 1231 eum
600 1184 670 1228 esso
701 1165 801 1225 solere
832 1164 1017 1242 scriptorum
1048 1162 1131 1222 dixit.
1180 1160 1283 1223 ldern:
1319 1165 1359 1225 Ei
1391 1168 1481 1246 (Pom-

498 1252 598 1335 pejo),
628 1250 728 1331 inquit
744 1249 785 1326 Ι),
819 1249 954 1327 cupienti
977 1245 1083 1307 audire
1107 1253 1225 1323 nostra,
1254 1245 1338 1324 dixi,
1373 1252 1481 1312 sinete

499 1338 600 1399 omnia
626 1353 694 1395 mea
717 1340 800 1393 muta
824 1350 904 1393 osse.
949 1333 993 1391 Tu
1011 1332 1104 1391 Musis
1126 1332 1239 1392 nostris
1263 1350 1342 1411 para
1371 1342 1404 1395 ut
1420 1354 1481 1415 ope·

501 1441 567 1485 ram
597 1418 719 1481 reddas
770 1418 822 1478 Et:
856 1414 1110 1494 innumerabilia,
1140 1413 1241 1495 61²),
1274 1422 1326 1477 tua
1360 1421 1480 1480 suntin

500 1525 551 1569 me
573 1504 690 1581 oliicia,
721 1501 906 1575 domestica,
937 1500 1085 1579 forensia,
1111 1500 1244 1575 urbana,
1267 1503 1481 1580 provincialia,

500 1593 533 1651 in
555 1608 589 1650 re
611 1588 743 1666 privata,
768 1587 798 1645 in
821 1585 959 1665 publica,
983 1585 1014 1645 in
1039 1584 1164 1661 studiis,
1187 1585 1218 1644 in
1243 1585 1343 1647 literis
1368 1590 1481 1649 nostris.

500 1665 672 1747 Postremo,
696 1670 808 1731 utalia
832 1669 925 1731 multa
951 1678 1084 1731 taceam:
1116 1670 1159 1729 De
1176 1668 1302 1749 Tirone,
1327 1672 1439 1733 scribit
1451 1672 1482 1748 ³),

501 1756 594 1819 video
617 1755 671 1816 tibi
694 1773 785 1817 curae
808 1773 894 1832 esse,
923 1772 1015 1834 quem
1039 1753 1166 1834 quidem
1188 1772 1255 1833 ego,
1279 1756 1339 1815 etsi
1364 1755 1482 1817 mirabi-

501 1843 547 1905 les
574 1841 719 1903 utilitates
749 1840 823 1901 mibi
852 1839 998 1919 praebet,
1029 1857 1124 1918 quum
1148 1836 1243 1916 valet,
1273 1839 1305 1899 in
1330 1842 1417 1901 omni
1439 1859 1482 1921 ge·

502 1946 577 1989 nere
606 1925 654 1987 vel
683 1926 876 2004 negotiorum
908 1924 956 1984 vel
985 1922 1158 1985 studiorum
1189 1940 1348 2003 meorum,
1388 1931 1482 1988 tamen

502 2018 629 2091 propter
649 2009 870 2069 humanitatem
895 2014 925 2067 et
945 2008 1129 2067 modestiam
1146 2006 1227 2068 malo
1242 2007 1373 2085 salvum,
1397 2026 1484 2089 quam

502 2101 630 2173 propter
653 2109 742 2151 usum
767 2108 882 2150 meum.
904 2128 946 2139 -
981 2090 1170 2153 Monstrabat
1192 2092 1283 2183 Tiro,¹
1305 2092 1332 2153 si
1354 2092 1431 2173 quid
1454 2093 1485 2152 li-

503 2176 597 2238 brarii
630 2192 723 2234 manu
757 2174 915 2235 Ciceronis
953 2176 1101 2255 scriptum
1137 2193 1199 2236 non
1233 2175 1440 2257 intelligerent
1453 2177 1484 2255 ⁴).

504 2258 756 2322 Studiosissimus
780 2265 846 2319 erat
868 2258 1017 2319 librorum
1033 2259 1155 2339 patroni
1178 2262 1236 2321 sui.
1282 2261 1419 2341 Operam
1436 2261 1484 2323 da·

502 2344 571 2423 bat,
602 2350 634 2404 ut
656 2343 747 2420 hujus
771 2343 886 2421 scripta
909 2343 1079 2423 colligeret,
1110 2351 1144 2405 ut
1166 2352 1309 2407 accurate
1332 2346 1485 2426 perspice

503 2437 567 2508 ret,
589 2435 620 2489 ct
643 2426 836 2487 librariorum
859 2435 985 2507 peccata
1009 2430 1190 2506 corrigeret,
1214 2430 1274 2490 nisi
1295 2429 1377 2492 lorte
1398 2430 1485 2492 inter·

503 2512 577 2575 dum
600 2513 668 2592 ipsa
692 2512 849 2574 Ciceronis
874 2512 968 2574 verba
991 2511 1191 2588 emendaba13
1228 2512 1313 2593 quod
1345 2512 1487 2577 censebat

503 2600 676 2662 Manutius
691 2596 728 2673 ⁵).
772 2595 867 2676 Epist.
892 2597 931 2659 ad
955 2600 1012 2658 Att.
1040 2602 1092 2675 16,
1115 2600 1151 2660 5:
1183 2598 1319 2659 licarum
1345 2597 1485 2679 epistola·

503 2700 570 2742 rum
594 2681 676 2741 nulla
702 2688 750 2741 est
773 2679 951 2762 συναγωγή,
977 2681 1031 2742 sed
1055 2681 1149 2742 babet
1164 2683 1234 2741 Tiro
1250 2682 1350 2743 instar
1368 2690 1485 2762 septua-

468 2768 587 2847 -ginta
604 2767 639 2846 ⁶).
691 2765 806 2829 Gellius
823 2765 865 2844 ⁷):
904 2769 938 2829 ln
967 2768 1106 2830 oratione
1134 2766 1291 2829 Ciceronis
1325 2767 1434 2847 quinta
1459 2767 1485 2828 ln

504 2854 643 2929 Verrem,
671 2853 700 2913 in
726 2852 803 2913 libro
827 2860 984 2932 spectatae
1011 2850 1083 2912 fidei
1108 2851 1272 2913 Tironiana
1291 2871 1376 2914 -cura
1400 2858 1485 2932 atquc

505 2936 667 3018 disciplina
698 2938 792 3017 lacto,
825 2938 863 2997 ita
888 2939 1036 3017 scriptum
1060 2935 1115 2996 luit
1137 2942 1193 2996 etc.
1246 2935 1485 3016 ldem⁸):·lloc

505 3022 585 3082 enim
619 3023 767 3101 scriptum
797 3023 827 3081 in
858 3040 918 3081 uno
947 3028 1037 3100 atquc
1069 3021 1100 3079 in
1132 3019 1227 3080 altero
1257 3019 1486 3101 antiquissimae

504 3103 576 3164 fidei
601 3104 681 3166 libro
704 3105 867 3166 Tironiano
892 3107 996 3186 reperi
1012 3103 1049 3183 ⁹).
1102 3103 1309 3176 Quintilianus
1325 3103 1383 3182 ¹⁰):
1414 3103 1484 3182 „Ci-

505 3189 642 3267 ceronis,
665 3189 722 3268 ait,
747 3189 786 3250 ad
811 3208 961 3269 praesens
985 3189 1077 3251 modo
1101 3197 1222 3267 tempus
1245 3195 1367 3268 aptatos
1392 3191 1485 3269 (com-

498 3273 673 3332 mentarios
697 3272 875 3348 causarum)
899 3273 1028 3334 libertus
1044 3275 1113 3333 Tiro
1137 3275 1302 3347 contraxit,
1325 3291 1406 3354 quos
1427 3288 1484 3332 non

505 3354 574 3413 ideo
597 3372 726 3433 excuso,
750 3357 821 3434 quia
846 3374 907 3416 non
929 3355 1074 3437 probem,
1099 3355 1156 3419 sed
1180 3363 1213 3427 ut
1234 3356 1295 3418 sint
1317 3357 1419 3440 magis
1434 3353 1484 3416 ad-

505 3435 662 3497 mirabiles
679 3437 748 3514 ¹¹).“

557 3619 584 3672 ll
603 3619 684 3683 Epist.
706 3618 740 3668 ad
760 3620 818 3671 Div.
841 3619 887 3682 16,
908 3619 949 3672 lu.
978 3646 1006 3656 -
1062 3620 1090 3685 2)
1115 3621 1195 3685 Epist.
1213 3619 1248 3670 ad
1268 3618 1325 3672 Div.
1348 3619 1437 3684 161.
1458 3645 1484 3656 -

555 3687 584 3750 3)
603 3688 683 3753 Epist.
705 3689 739 3739 ed
758 3689 835 3740 Attio.
856 3691 884 3751 7,
903 3689 928 3742 5.
953 3716 988 3726 —
1041 3689 1070 3753 4)
1094 3691 1174 3755 Epist.
1195 3690 1229 3742 ad
1247 3689 1308 3741 Divo
1330 3690 1375 3752 16,
1392 3687 1438 3742 Ὦ.
1458 3715 1483 3725 -

556 3758 584 3822 5)
604 3759 642 3810 td
663 3758 742 3825 Epist.
764 3759 798 3808 ad
816 3760 874 3810 Div.
896 3760 939 3820 16,
960 3760 1001 3811 17.
1028 3775 1053 3811 v.
1073 3773 1148 3829 supr.
1170 3758 1191 3823 l.
1213 3758 1242 3821 2,
1261 3758 1286 3811 6.
1307 3773 1331 3810 c.

555 3827 582 3892 6)
602 3830 667 3880 suo.
689 3829 723 3879 ao
742 3830 799 3879 mv.
822 3830 866 3892 ra,
887 3831 930 3890 ιι,
949 3828 1005 3881 init.
1025 3830 1060 3881 aa
1079 3832 1129 3881 ιιι.
1152 3830 1196 3891 13,
1214 3830 1240 3883 a.
1268 3829 1312 3890 16,
1330 3827 1355 3879 5.
1379 3827 1487 3880 Manui.

503 3899 538 3948 ad
556 3900 636 3963 Epist.
658 3899 693 3949 ad
710 3899 767 3950 Div.
791 3898 834 3961 14,
852 3899 965 3965 princip.

557 3968 584 4029 7)
603 3972 633 4020 N.
653 3972 703 4021 tlt.
726 3970 796 4027 1.⁷.
824 3996 857 4006 -
928 3969 956 4032 8)
982 3968 1026 4028 13,
1044 3967 1092 4030 20,
1111 3969 1152 4022 16.
1180 3995 1213 4004 -
1274 3967 1303 4031 9)
1321 3964 1387 4016 Add.
1407 3964 1487 4018 eund.

505 4035 597 4097 13.9.
617 4039 641 4088 1.
670 4039 715 4101 15,
734 4041 759 4092 o.
793 4067 821 4076 -
897 4039 940 4101 ru)
959 4039 1083 4090 insinuo.
1103 4040 1185 4097 orsu.
1208 4037 1251 4094 ru,
1270 4039 1298 4098 ι,
1315 4035 1358 4088 31.
1385 4061 1421 4072 -

558 4104 601 4167 lt)
626 4107 757 4227 cllfflgurl.
779 4108 900 4161 Tclueuc
921 4108 955 4159 ad
980 4109 1033 4160 Cic.
1060 4108 1152 4161 Parod.
1183 4122 1210 4172 p.
1233 4106 1282 4160 165
1293 4105 1348 4158 ced.
1382 4103 1490 4159 Moser.

504 4174 616 4240 Gotting.
710 4214 715 4226 .

871 4339 1126 4349 ..ῥ’-ῳ-
