3484 5600
710 426 1023 488 praesummus.
1322 433 1364 497 aa
1465 394 1467 399 ’

438 612 490 673 nd
513 610 698 672 Maecenatis
728 611 899 689 fragmenta
929 618 976 672 est
1005 611 1136 673 tortasse
1167 613 1219 692 qui
1240 602 1381 677 Oratio·¹

373 716 444 760 nem
471 696 512 758 ab
536 714 574 756 eo
597 693 637 756 ad
660 695 832 773 Augustum
856 693 1009 774 habitam,
1041 714 1058 756 a
1082 696 1181 757 Dione
1203 698 1266 774 (52,
1283 703 1362 762 14-

376 784 441 858 42.)
471 780 616 855 relatam,
648 778 764 838 reterre
795 779 877 840 velit.
932 778 995 840 Sed
1022 779 1077 857 ita,
1105 787 1141 857 ,ut
1169 781 1252 861 apud
1282 781 1364 844 hune

377 868 503 946 legitur,
541 864 666 924 minime
695 882 712 922 a
742 865 915 923 Maecenate
951 882 1018 947 eam
1053 864 1222 943 proiectam
1259 865 1363 927 dicere

378 949 492 1030 possis,
542 946 642 1008 Habet
669 947 812 1020 tortasse,
850 965 930 1026 quae
962 966 999 1007 ex
1033 948 1156 1027 ingenio
1187 957 1278 1030 atque
1310 968 1363 1011 ore

378 1034 468 1095 amici
480 1033 611 1111 Augusti
634 1030 791 1108 fluxerint,
815 1038 845 1090 et
857 1039 1071 1110 argumentum
1096 1034 1159 1092 iere
1176 1026 1249 1112 tale,
1271 1036 1363 1113 quale

378 1115 582 1197 probabiliter
612 1114 652 1175 ab
683 1132 720 1173 eo
752 1116 924 1193 expositum
955 1124 1017 1191 est,
1048 1115 1105 1175 sed
1138 1118 1235 1178 omnis
1266 1120 1363 1178 oratio

377 1201 494 1261 rhetori
518 1200 633 1260 Graeco
656 1199 755 1276 magis
779 1198 910 1259 debetur
928 1202 962 1275 ¹).
1009 1198 1163 1260 Laudibus
1188 1202 1272 1279 justo
1297 1220 1361 1262 ma·

374 1283 496 1363 ioribus
526 1282 633 1343 extulit
659 1283 871 1361 Baroevicius,
907 1285 938 1342 in
967 1282 1103 1342 Boecleri
1134 1282 1260 1363 Operib.
1283 1285 1316 1344 T.
1333 1288 1362 1348 2.

378 1388 407 1448 p.
423 1372 511 1433 tle:
541 1367 660 1444 Oratio,
686 1365 742 1443 ait,
764 1368 869 1445 gravis
893 1374 941 1427 est
962 1374 993 1426 et
1015 1367 1178 1445 castigata,
1202 1370 1363 1430 sententiis

380 1453 530 1529 ornatior,
554 1470 646 1530 quam
672 1449 785 1511 verbis.
830 1453 862 1509 ln
888 1470 923 1510 ea
948 1449 1033 1510 vides
1056 1469 1162 1511 curam
1184 1450 1362 1531 honestatis,

374 1534 484 1611 judicii
513 1535 704 1613 gravitatem,
734 1535 763 1594 in
788 1536 961 1613 Augustum
991 1532 1098 1609 fidem,
1137 1534 1362 1612 providentiam

380 1620 568 1695 futurorum,
591 1620 775 1680 cautionem
807 1625 837 1677 et
865 1618 1190 1697 circumspectionem,
1226 1620 1363 1680 notitiam
1408 1668 1413 1679 .

380 1710 479 1764 status
503 1709 533 1762 et
555 1709 729 1783 temporum
753 1710 782 1763 et
804 1702 1008 1783 ingeniorum.

420 1918 446 1995 ἓ.
460 1922 490 1983 5.
525 1919 575 1980 De
589 1919 791 1981 Memnoniis
813 1918 848 1979 in
871 1907 985 1981 literas
999 1920 1163 1982 Romanas
1185 1921 1318 1982 meritis.

441 2064 596 2141 Superest
623 2065 656 2119 ut
682 2058 739 2120 bac
764 2059 844 2141 §pho
868 2060 907 2121 de
937 2061 1068 2140 meritis,
1102 2080 1181 2141 quae
1203 2062 1363 2124 Maecenas

379 2149 405 2207 in
430 2147 539 2206 literas
560 2146 716 2204 Romanas
739 2143 896 2220 habuerit,
923 2144 1059 2205 breviter
1083 2144 1246 2205 disseram.
1292 2145 1362 2205 Sin·

377 2231 475 2311 gulari
500 2227 634 2309 quadam
660 2229 779 2290 fortuna
804 2229 929 2305 accidit,
962 2237 994 2289 ut
1019 2231 1085 2308 ejus
1110 2230 1165 2288 viri
1196 2247 1308 2289 nomen
1333 2230 1362 2289 in

377 2313 579 2394 proverbium
609 2312 721 2388 abiret,
753 2332 938 2393 omnesque,
973 2316 1025 2393 qni
1054 2315 1148 2374 literis
1178 2313 1363 2392 adjuvandis

377 2416 504 2477 operam
535 2396 658 2474 darent,
693 2400 898 2460 Maecenates
927 2398 1159 2477 appellarentur
1174 2399 1210 2472 ²).
1262 2401 1363 2477 Atque

377 2487 531 2542 neminem
555 2481 646 2542 credo
670 2482 766 2542 latent
781 2484 964 2542 Maecenatis
987 2483 1131 2561 praestita
1155 2480 1281 2541 literatis
1298 2483 1363 2541 iere

377 2565 523 2626 omnibus
551 2566 660 2626 aetatis
691 2583 766 2625 suae
799 2566 946 2626 beneficia
980 2572 1010 2625 et
1039 2565 1275 2625 intercessiones
1305 2584 1362 2644 pro

377 2651 476 2710 salute
499 2648 688 2728 reipublicae
712 2649 865 2710 literariae
889 2649 971 2729 apud
985 2652 1156 2729 Augustum
1174 2649 1285 2726 iaetae;
1310 2650 1361 2729 qui

377 2733 502 2814 quidem
526 2735 692 2813 imperator
715 2751 771 2793 sua
795 2741 905 2814 sponte
929 2735 1085 2795 literarum
1108 2725 1207 2793 studia
1235 2734 1287 2793 vix
1311 2752 1362 2794 cu-

377 2825 491 2897 rasset,
515 2819 574 2879 nisi
596 2820 756 2880 Maecenas
780 2837 850 2878 eum
876 2820 1052 2895 excitasset,
1081 2819 1229 2897 virosque
1252 2817 1363 2898 dignos

376 2910 405 2962 et
419 2901 628 2963 benemeritos
645 2903 770 2963 assidue
784 2904 936 2982 enixeque
950 2901 1208 2962 commendasset.
1239 2900 1363 2965 Amissa

376 2985 518 3048 libertate
542 2986 763 3065 elanguescere
780 2996 949 3066 coeperunt
964 2987 1123 3047 literarum
1140 2986 1249 3047 studia.
1283 2987 1364 3048 Mae·

377 3071 474 3132 cenati
500 3077 601 3129 autem
625 3071 690 3130 lere
714 3071 864 3132 debemus
887 3078 995 3150 poetas
1018 3073 1183 3149 maximoS,
1206 3071 1363 3132 Horatium

378 3164 408 3215 et
429 3154 589 3234 Virgilium
606 3155 653 3233 3)Ἰ
685 3157 737 3234 qui
761 3153 800 3215 ab
826 3174 863 3215 eo
888 3154 927 3217 ab
957 3156 1080 3216 interitu
1110 3163 1139 3217 et
1167 3157 1226 3216 vita
1254 3155 1363 3216 miser-

377 3381 409 3432 de
429 3382 541 3431 Historr.
563 3382 628 3431 Latt.
650 3395 675 3445 p.
690 3382 748 3433 109.
769 3383 810 3433 ed.
827 3385 856 3434 Π.
883 3385 915 3435 el.
940 3385 1043 3437 Harles
1061 3386 1153 3438 notitia
1172 3386 1265 3436 litarat.
1287 3386 1360 3432 Rom.

355 3471 357 3473 ·
377 3452 403 3501 P.
417 3453 447 3502 11.
467 3465 494 3515 p.
505 3449 565 3500 354.
597 3450 707 3501 Fabric.
726 3451 790 3503 bibl.
812 3456 854 3503 Gr.
877 3456 905 3504 V.
921 3456 944 3504 l.
968 3470 993 3520 p.
1008 3456 1068 3507 685.
1089 3458 1130 3508 ed.
1151 3457 1220 3506 Harl.

429 3540 457 3603 l)
495 3539 528 3589 el.
550 3537 678 3589 Meiaere
706 3541 721 3588 1.
743 3553 824 3604 supra
843 3543 859 3590 l.
880 3556 905 3604 p.
924 3543 964 3592 15.
985 3548 1039 3592 not.
1062 3559 1086 3593 o.
1126 3539 1360 3607 HeyneadVirg.

377 3610 463 3659 Vitam
475 3610 569 3658 Donat.
585 3609 625 3668 19,
636 3609 678 3660 78.
699 3608 809 3660 Fraude
820 3625 846 3674 p.
859 3611 915 3661 153.
942 3610 1067 3662 Mattiaco
1078 3627 1104 3677 p.
1114 3610 1194 3674 24sq.
1217 3608 1363 3661 Frandaea

376 3695 401 3743 p.
415 3679 449 3730 85
461 3691 522 3742 sqq.
548 3678 638 3745 aner
657 3694 682 3742 p.
696 3678 756 3729 290.

426 3765 456 3829 2)
493 3766 602 3817 Martiol.
623 3767 651 3826 8,
670 3767 715 3823 56,
735 3765 760 3816 5.
789 3766 865 3825 Sint,
885 3768 931 3828 ait,
952 3767 1146 3829 Maecenates,
1166 3783 1220 3819 non
1238 3767 1361 3828 deerant,

375 3833 653 3955 Iia⁶1⁶‘'³i{¹5⁰m⁸'
679 3835 859 3897 'stratorem
879 3836 977 3889 Storia
996 3842 1046 3889 ete.
1066 3840 1096 3890 V.
1111 3841 1133 3890 l.
1154 3852 1181 3903 p.
1193 3837 1250 3888 178.
1283 3834 1361 3885 ll'ei-
1383 3871 1388 3880 .

376 3919 462 3954 cer.
483 3919 509 3968 p.
577 3943 583 3956 .

427 3991 455 4055 3)
493 3992 525 4044 ci.
546 3994 620 4045 Serv.
641 3993 675 4043 ad
696 3993 765 4056 virg.
791 3994 854 4042 den.
880 3994 968 4042 Voll.
994 3995 1058 4057 pl.
1083 3993 1139 4042 ab
1158 3997 1183 4042 et
1199 3993 1224 4043 5.
1252 4006 1267 4042 a
1291 3991 1307 4041 l.
1328 3991 1363 4041 ad

375 4063 439 4113 Bne.
460 4063 495 4123 ll,
516 4062 555 4114 l5.
583 4064 638 4112 l'ol.
660 4063 688 4113 ll.
716 4076 741 4126 p.
764 4061 820 4112 105.
