3484 5600
567 776 603 834 i!
898 770 1210 830 MAECENdTthh.

913 952 952 1000 lli.
992 952 1028 999 lle
1046 950 1123 997 llultu
1148 961 1207 997 suo.

631 1069 680 1126 th.
705 1065 737 1122 Si
755 1062 844 1122 lectio
865 1065 945 1120 certa
963 1065 1008 1116 est
1031 1055 1107 1133 (dd.
1132 1074 1161 1134 p.
1176 1057 1227 1117 49.
1252 1072 1323 1114 ann.
1341 1057 1392 1136 h),
1419 1059 1497 1123 haec
1520 1065 1538 1122 ir

564 1149 693 1227 scriptio
719 1149 814 1207 inisse
838 1143 958 1202 ridetur
982 1140 1123 1200 carminis
1146 1138 1185 1199 oie
1206 1158 1285 1201 serre
1308 1145 1395 1203 oilae
1416 1148 1538 1209 retient

565 1232 652 1312 «quod
676 1229 822 1310 suspicati
845 1234 917 1287 sunt
938 1226 1034 1303 intpp.
1059 1222 1198 1282 Senecae
1217 1224 1252 1299 ¹).

624 1374 649 1434 l)
687 1387 711 1420 s.
734 1366 863 1429 llrtttopf.
885 1379 909 1428 p.
923 1362 984 1414 352.
1021 1361 1179 1412 Blerhuell.
1202 1365 1216 1411 l.
1239 1366 1254 1413 l.
1280 1378 1305 1427 p.
1320 1364 1380 1415 tol.
1422 1367 1456 1417 el.
1481 1368 1538 1418 We

567 1441 687 1491 elenae·
705 1442 733 1489 T.
747 1439 774 1486 ll.
795 1450 820 1498 p.
834 1433 893 1483 351.
925 1432 1067 1482 Frandsen
1087 1447 1113 1495 p.
1128 1432 1186 1482 166.
1213 1431 1326 1483 Fickert
1348 1436 1437 1485 l'ol.l.
1461 1452 1487 1500 p.
1500 1437 1538 1488 64!

568 1512 635 1560 hdd.
664 1503 836 1565 ll'ernedor·f.
858 1503 885 1551 Ρ.
910 1503 936 1550 1,.
958 1502 1050 1561 hill,
1065 1503 1086 1551 1.
1108 1516 1134 1565 p.
1150 1501 1232 1565 8sq.,
1257 1504 1334 1564 eujus
1353 1503 1538 1568 disputatione

568 1581 674 1643 dignam
694 1576 797 1632 censui,
817 1585 899 1634 qnam
918 1572 1048 1634 integram
1067 1571 1092 1619 h.
1115 1573 1130 1620 l.
1150 1572 1367 1621 transcriberem:
1400 1576 1494 1633 „Quod
1512 1577 1538 1625 C(

567 1649 671 1699 lunrella
690 1644 785 1693 librum
804 1654 885 1690 suum
905 1637 1013 1688 Cultum
1034 1637 1177 1689 hortorum
1202 1642 1228 1689 in
1248 1642 1321 1691 titulo
1340 1642 1451 1705 pariter,
1483 1650 1538 1707 atqu

551 1719 625 1781 .ipso
645 1713 773 1779 principio
792 1709 918 1759 carminis
937 1708 1082 1772 inscripsit,
1102 1709 1128 1759 id
1143 1710 1265 1771 tortasse,
1284 1713 1306 1760 si
1319 1714 1489 1773 quorundam
1502 1729 1538 1764 ert

568 1787 684 1836 diturum
709 1782 890 1842 conjecturam
914 1779 1064 1842 sequimur,
1091 1780 1210 1842 exemplo
1233 1785 1258 1829 et
1281 1780 1425 1832 imitatione
1447 1783 1538 1833 Maeci

568 1853 645 1907 tratis
665 1852 735 1912 lecit,
753 1862 832 1913 quem
852 1850 998 1897 Seneca..
1018 1853 1130 1898 testatur
1148 1848 1245 1898 librum
1265 1850 1416 1913 scripsisse,
1437 1853 1482 1902 cui
1501 1853 1537 1901 tlh

568 1927 609 1974 lus
630 1922 739 1978 Cultus,
760 1919 798 1966 vel
817 1917 849 1966 de
871 1916 953 1967 Cnltn
972 1934 1020 1967 sno
1042 1920 1096 1968 tuit.
1128 1921 1227 1968 Seneca
1247 1932 1278 1967 ex
1297 1933 1327 1968 eo
1348 1920 1483 1982 quasdam
1500 1936 1538 1985 par

568 1993 663 2044 tieulas
682 1992 707 2039 et
725 1991 857 2038 commata
877 1987 974 2038 selecta
999 1988 1135 2049 producit,
1163 1993 1190 2036 ut
1212 1987 1242 2036 iis
1265 1989 1390 2051 exemplis
1415 1993 1538 2039 novitater

568 2063 609 2110 rel
628 2058 821 2108 affectationem
841 2057 867 2105 in
887 2058 1007 2106 oratione
1026 2057 1185 2106 Maecenatis
1204 2057 1337 2116 ostendat,
1363 2072 1432 2119 quae
1448 2060 1535 2123 Lipsiu

568 2141 653 2192 quum
673 2140 724 2176 non
745 2126 928 2187 cohaererent,
955 2125 1082 2184 distinxit,
1108 2129 1132 2173 et
1150 2125 1296 2173 versiculos
1316 2139 1374 2174 esse
1393 2141 1423 2175 ex
1444 2130 1538 2192 longior

567 2211 621 2247 uno
641 2196 759 2245 carmine
777 2194 919 2257 decerptos
938 2197 1048 2258 putarit.
1075 2193 1191 2242 Andreas
1210 2193 1316 2242 Rivinus
1335 2194 1361 2241 in
1380 2195 1538 2258 disputatior

568 2265 699 2317 alterode
720 2265 900 2321 Maecenate,
921 2268 949 2313 nt
969 2264 1037 2313 bono
1057 2261 1132 2321 ciue,
1158 2261 1236 2321 §.15¹
1258 2263 1366 2311 assentit
1378 2264 1480 2327 lipsio,
1503 2281 1538 2316 ca

567 2349 627 2386 men
644 2334 725 2384 tuisse
744 2333 904 2384 Maecenatis
924 2331 1045 2388 Cultem,
1073 2335 1099 2380 et
1117 2337 1252 2395 praeterea
1277 2332 1420 2395 persuadet
1438 2334 1503 2396 sibi,
1530 2340 1537 2384 t

567 2407 654 2456 tulum
671 2417 732 2453 eum
751 2417 803 2452 non
824 2403 904 2451 alium
923 2403 1025 2451 cultum
1043 2401 1187 2461 nutavisse,
1215 2415 1293 2465 quam
1313 2403 1469 2464 llortorum,
1491 2419 1537 2468 qu<

569 2476 707 2525 Maecenas
726 2472 752 2521 in
764 2472 891 2536 Exquiliis
909 2471 1062 2530 instituerit,
1081 2476 1222 2534 repurgata
1241 2485 1255 2519 a
1274 2472 1362 2520 mullis
1381 2472 1509 2523 sordibus
1530 2488 1538 2523 ε

570 2546 688 2609 regione,
714 2556 784 2605 quae
802 2547 880 2591 antea
899 2540 1028 2604 sepulcris
1048 2553 1187 2589 serrorum
1207 2544 1231 2589 et
1249 2542 1409 2592 miserorum
1431 2542 1538 2593 destinat

571 2616 665 2675 iuerat,
684 2615 714 2660 ut
732 2612 869 2675 praedicat
886 2610 1010 2659 Horatius
1029 2610 1112 2658 Serm.
1127 2611 1149 2669 l,
1162 2610 1186 2670 8,
1197 2611 1211 2659 7
1224 2623 1283 2673 sqq.
1322 2612 1419 2661 Hortos
1440 2626 1488 2663 eos
1508 2627 1538 2661 no

570 2683 651 2734 modo
670 2680 812 2731 arboribus
830 2679 1006 2742 floribusque,
1032 2679 1079 2727 scd
1104 2683 1129 2728 et
1152 2679 1290 2739 aediliciis,
1314 2684 1470 2744 praesertim
1496 2687 1537 2731 tur

571 2752 708 2809 altissima,
733 2752 830 2799 ellosso
849 2751 875 2798 in
899 2748 1061 2814 protundum
1086 2750 1160 2798 alveo
1187 2752 1212 2798 et
1235 2749 1315 2799 ducto
1340 2764 1417 2802 amne
1435 2765 1449 2801 a
1470 2765 1500 2802 se
1519 2765 1538 2801 er

570 2824 669 2880 enltoS,
694 2824 719 2869 et
737 2821 770 2869 ad
791 2833 897 2870 omnem
917 2820 991 2868 visus
1011 2824 1037 2868 et
1056 2823 1226 2882 prospectus,
1246 2821 1414 2884 aliorumque
1431 2836 1538 2872 sensuur

569 2893 732 2955 voluptatem
756 2894 909 2950 exornatoS,
936 2890 1043 2937 ltivinus
1067 2888 1207 2949 existimat,
1234 2890 1410 2940 Maecenatem
1434 2893 1460 2940 iu
1481 2889 1538 2941 Cnlt

569 2976 618 3012 suo
637 2960 825 3022 descripsisse,
850 2961 962 3022 ejusque
981 2957 1167 3020 descriptionis
1186 2959 1295 3022 vestigia
1314 2960 1339 3008 iu
1358 2960 1422 3022 ipsis
1442 2960 1538 3011 versier

568 3031 599 3081 lis
617 3043 632 3078 a
647 3030 748 3079 Seneca
768 3029 920 3094 productis,
939 3028 986 3077 sed
1005 3028 1123 3091 paullum
1142 3041 1157 3076 a
1176 3041 1205 3077 se
1222 3029 1342 3088 mutatis,
1360 3032 1465 3094 reperit.
1499 3031 1538 3079 Cer

568 3104 624 3150 tum
643 3098 730 3149 eidem
750 3105 800 3159 est,
830 3098 864 3148 ob
891 3099 999 3148 hortum
1022 3097 1057 3146 ita
1081 3097 1239 3147 instructum
1263 3099 1396 3148 Maronem
1416 3101 1538 3149 Maecena

569 3169 696 3232 Georgica
715 3184 765 3220 sua
782 3168 932 3229 dedicasse;
952 3181 1040 3230 neque
1052 3166 1121 3216 enim
1132 3171 1229 3217 temere
1241 3168 1275 3216 ita
1291 3169 1325 3217 ad
1341 3183 1401 3218 eum
1418 3169 1538 3235 incepissr

620 3236 695 3288 Quid
714 3239 803 3303 faciat
823 3238 914 3289 laetere
932 3243 1036 3303 segetes
1055 3241 1120 3288 caet.
1142 3236 1202 3302 quie
1222 3240 1308 3287 cultus
1327 3235 1448 3288 habendo

618 3304 664 3357 Sit
682 3309 789 3371 pecori,

568 3374 615 3425 ubi
633 3377 754 3439 proiecto
774 3375 807 3424 ad
829 3376 935 3424 Cultum
947 3374 1105 3424 Maecenatis
1124 3375 1175 3438 ipsi
1192 3375 1295 3427 videtur
1313 3376 1469 3441 respexisse.
1501 3377 1538 3427 Me

566 3457 631 3494 voro
652 3445 755 3506 judicio
778 3445 844 3493 haee
868 3445 935 3493 ratio
959 3443 1105 3492 admodum
1129 3446 1193 3495 levis
1216 3451 1266 3507 est,
1296 3461 1378 3510 quum
1403 3447 1506 3496 ceritum
1532 3447 1538 3494 i

566 3513 699 3578 principio
719 3513 908 3575 Georgicorum
928 3527 981 3561 non
1004 3513 1143 3562 hortorum
1168 3528 1237 3577 esse,
1266 3517 1312 3566 sed
1336 3529 1429 3567 euram
1452 3515 1490 3566 rei
1513 3531 1538 3579 pt

566 3583 687 3642 cuariae,
717 3582 887 3631 manifestum
910 3580 952 3631 sit.
995 3581 1051 3631 hlia
1074 3586 1162 3633 tamen
1185 3586 1243 3635 loca
1268 3586 1364 3649 Virgilii
1387 3600 1439 3635 non
1465 3599 1538 3649 neget

566 3652 687 3714 reperiri,
705 3652 731 3700 in
751 3651 849 3714 quibus
868 3649 958 3700 celtus
975 3651 1138 3702 vocabulum
1157 3653 1190 3703 de
1208 3656 1279 3705 cultu
1297 3655 1426 3716 hortensi,
1445 3659 1469 3704 et
1488 3655 1537 3718 sigi

566 3718 638 3769 latim
660 3720 694 3770 de
712 3734 776 3770 cura
794 3720 928 3768 inserendi
944 3721 1119 3784 metendique
1132 3721 1252 3784 arbores,
1272 3725 1403 3785 adhibuit,
1423 3730 1453 3773 ut
1464 3727 1538 3785 aeon

566 3789 597 3849 11,
614 3788 648 3839 35
665 3794 691 3838 et
710 3789 751 3839 51.
789 3790 820 3838 at
842 3790 940 3838 horum
964 3791 1074 3840 alterum
1100 3793 1200 3854 locum,
1232 3808 1311 3857 quem
1335 3795 1468 3859 posterius
1494 3795 1538 3844 citt

566 3857 681 3908 simus.
706 3896 712 3906 .
733 3897 758 3919 .,
783 3857 891 3908 llivinus
915 3860 950 3909 ita
973 3859 1099 3923 intelligit,
1129 3865 1154 3910 et
1178 3863 1323 3913 firmandae
1352 3863 1469 3927 opinioni
1492 3876 1538 3911 sua

567 3926 767 3985 accommodat,
787 3934 816 3978 ut
835 3929 936 3990 eredat,
957 3931 1091 3980 Maronem
1110 3944 1141 3980 eo
1153 3932 1332 3982 Maecenatem
1352 3931 1459 3995 alloqui,
1479 3936 1505 3980 et
1523 3945 1538 3981 a

567 3998 649 4055 artes,
674 4008 744 4058 quas
762 3998 804 4048 ille
821 3998 879 4062 ipse
898 3999 932 4049 ad
950 4001 1079 4061 majorem
1104 3999 1231 4051 arborum
1256 4003 1357 4052 cultum
1376 4001 1508 4061 adhibeat,
1534 4017 1538 4048 t

566 4062 593 4111 in
611 4060 693 4112 Cultu
712 4078 763 4114 sno
782 4069 964 4131 descripserit,
986 4084 1143 4132 provocare.
1181 4072 1310 4135 Loquitur
1334 4071 1368 4122 da
1392 4069 1538 4121 silvestribn

566 4130 707 4182 arboribus
726 4133 886 4187 inserendis:

620 4235 627 4247 .
649 4238 655 4250 .
676 4237 683 4250 .
705 4238 710 4251 .
731 4205 823 4253 tenren
843 4205 1031 4271 haecquoqtte
1050 4204 1157 4272 siquis

620 4268 745 4330 ineant,
767 4308 1107 4338 .............

619 4335 754 4388 Eeuerint
771 4339 927 4390 silvestrem
947 4342 1085 4395 aninnnn:
1112 4344 1237 4410 cultuque
1255 4344 1393 4412 frequenti

617 4404 651 4456 ln
661 4421 832 4474 quaeeunque
843 4425 925 4462 voees
937 4410 1099 4477 (llaecanas)
1118 4419 1205 4477 ortes,
1217 4412 1292 4466 houd
1302 4414 1389 4466 tarda
1400 4416 1538 4477 sequentur

888 4826 1115 4942 Δ
