3484 5600
513 816 550 875 12
892 807 1110 869 ΤΙΒΟΝΙΑΝΑ.

511 1000 574 1069 ,,υ1,
603 1008 673 1052 curu
696 988 833 1049 adruissn
857 995 889 1048 ot
910 993 1086 1067 perpetrata
1110 988 1234 1065 tuerint,
1269 973 1487 1069 tum-denique,
1534 1002 1536 1015 ’

511 1075 597 1175 „ubi,
621 1074 806 1236 quffufwa
830 1084 917 1152 sunt,
940 1072 1051 1132 intecta
1079 1071 1143 1132 fieri
1167 1090 1229 1133 uon
1254 1080 1410 1153 possunt,
1432 1092 1487 1154 poe·
1534 1096 1536 1125 1

511 1166 652 1241 „uruntur
699 1204 706 1217 .

576 1269 610 1346 b)
636 1266 764 1331 Gellius
786 1264 883 1323 Noctt.
908 1265 967 1323 Au.
996 1268 1047 1339 to,
1075 1267 1107 1341 1,
1126 1266 1166 1328 a:

500 1375 505 1384 ,
577 1351 668 1426 Quod
698 1349 738 1409 de
767 1346 913 1425 Pompeio
937 1348 1032 1408 Varro
1063 1347 1198 1408 breviter
1225 1352 1257 1406 et
1287 1348 1488 1425 suboscurett

511 1438 602 1514 dixit,
642 1437 717 1498 Tiro
750 1432 896 1511 Tettius,
934 1433 1090 1493 Ciceronis
1118 1430 1263 1508 tibertus,
1303 1433 1335 1493 in
1369 1436 1490 1516 epistota

512 1520 647 1603 quadam
678 1517 851 1577 enarratius
886 1516 1011 1596 scripsit
1043 1515 1083 1576 ad
1118 1516 1199 1575 huno
1227 1514 1490 1579 ferme-modun:

513 1625 606 1685 „curn
629 1602 812 1681 Pompejus,
839 1601 950 1681 inquit,
987 1598 1095 1660 aedem
1120 1597 1273 1661 Victoriae
1305 1598 1490 1667 dedicaturus

513 1690 626 1768 „toret,
657 1686 745 1763 cujus
768 1683 883 1765 gradus
910 1686 1009 1745 vicem
1038 1683 1144 1744 theatri
1172 1690 1295 1762 essent,
1320 1704 1490 1767 nomenque

514 1774 600 1853 „ejus
624 1779 655 1832 et
677 1771 812 1831 honores
838 1766 1118 1852 [in]scriberentur:
1146 1768 1252 1846 quaeri
1278 1778 1428 1851 coeptum
1448 1776 1490 1846 est,

514 1865 633 1939 „utrum
658 1855 773 1921 consul
795 1858 890 1917 tertio
914 1852 1142 1915 inscribendum
1167 1853 1262 1929 esset,
1293 1871 1333 1914 an
1359 1858 1490 1919 teritum.

513 1946 606 2019 „Eam
631 1961 694 2002 reru
719 1940 883 2017 Pompejus
906 1938 1140 2015 exquisitissime
1168 1936 1271 1998 retulit
1295 1936 1336 1999 ad
1360 1938 1491 2001 doctissi·

487 2034 489 2038 ’
515 2045 603 2104 „mos
626 2024 772 2096 civitatis3
809 2038 941 2100 cumque
970 2018 1199 2100 dissentiretur,
1230 2028 1260 2081 et
1289 2039 1363 2102 pars
1394 2026 1492 2097 rerer,

514 2108 585 2187 „atii
610 2109 739 2169 tertium
754 2102 953 2163 scribendum
975 2104 1208 2182 contendereut3
1236 2106 1369 2186 rogavit,
1392 2107 1494 2187 inquit

514 2191 712 2271 „Ciceronem
734 2188 914 2267 Pompejus,
946 2196 991 2268 ut,
1020 2190 1104 2269 quod
1135 2191 1162 2250 ei
1192 2190 1307 2251 rectius
1337 2188 1494 2267 videretur,

514 2270 626 2356 „scribi
646 2272 784 2352 juberet:
814 2280 876 2332 tum
894 2274 1072 2333 Ciceronem
1092 2273 1232 2352 judicare
1256 2272 1296 2335 de
1312 2274 1389 2337 viris
1405 2274 1495 2337 doctis

514 2360 666 2439 „veritum
697 2376 781 2433 esse,
816 2374 872 2432 ne,
911 2376 1043 2437 quorum
1076 2350 1495 2439 opinionem'irnprobassct,

515 2444 621 2524 „ipsos
645 2441 804 2503 videretur
826 2442 1030 2522 improbasse.
1073 2444 1226 2504 Persuasit
1239 2444 1334 2523 igitur
1348 2443 1495 2524 Pompejo,

516 2535 568 2609 „ut
599 2546 701 2607 neque
732 2530 861 2591 tertium
891 2546 991 2606 neque
1019 2530 1114 2590 tertio
1143 2526 1348 2589 scriberetur:
1384 2528 1443 2589 sed
1463 2524 1496 2588 ad

516 2611 705 2691 „secundum
732 2630 831 2691 usque
854 2612 877 2668 T
900 2612 1009 2672 fierent
1031 2611 1150 2689 literne:
1174 2618 1207 2673 ut
1226 2610 1324 2672 verbo
1347 2630 1412 2674 non
1428 2629 1496 2692 ,per-

516 2697 652 2776 „scripto
676 2714 727 2756 res
751 2695 878 2775 quidem
902 2695 1180 2775 demonstraretur,
1204 2694 1261 2757 sed
1283 2695 1378 2758 dictio
1401 2703 1497 2760 tamen

515 2780 680 2862 „ambigua
705 2780 792 2842 verbi
820 2780 958 2842 lateret.“
1011 2780 1044 2843 td
1067 2776 1170 2844 autem
1194 2779 1277 2862 quod
1300 2788 1332 2842 et
1357 2784 1452 2845 Varro
1472 2786 1498 2840 et

515 2869 593 2931 Tiro
626 2867 787 2944 dixerunt,
819 2867 850 2926 in
880 2865 989 2927 eodem
1017 2865 1099 2928 nuno
1127 2867 1244 2928 theatro
1284 2884 1349 2927 nou
1385 2873 1433 2929 est
1463 2866 1496 2925 ita

515 2953 674 3033 scriptum.
718 2954 795 3012 Nam
819 2957 875 3011 etc.
1314 2954 1317 2959 “

487 3082 490 3085 ·
604 3059 635 3139 1)
680 3059 768 3120 Nulla
799 3065 921 3119 exstant
951 3059 1120 3137 fragmenta
1143 3058 1390 3141 reperetur-cm,
1427 3075 1497 3140 quas
1534 3060 1536 3074 '

516 3144 598 3206 haud
622 3163 697 3205 sane
717 3162 835 3224 paucas
857 3143 981 3222 scripsit
1003 3143 1073 3203 Tiro
1098 3143 1251 3222 Ciceroni,
1283 3146 1397 3218 Quinto
1420 3145 1498 3206 Cice·

516 3231 584 3291 roni
615 3236 644 3290 et
674 3230 774 3288 Attico
791 3229 832 3308 ³),
869 3229 926 3288 nisi
959 3228 1035 3286 torte
1069 3227 1298 3291 discesserisa
1333 3231 1498 3309 fragmento

517 3314 610 3386 trium
632 3310 813 3386 verborum,
839 3330 918 3390 quae
941 3313 1077 3371 servavit
1100 3311 1188 3373 nobis
1212 3314 1320 3374 Cicero
1344 3313 1441 3394 Epist.
1464 3308 1499 3372 ad

517 3396 584 3454 Div.
612 3398 665 3469 16,
690 3399 742 3459 17:
773 3395 885 3470 Video,
909 3392 983 3472 quid
1008 3413 1092 3474 agas
1135 3399 1217 3459 Tuas
1240 3416 1366 3478 quoque
1391 3397 1499 3478 episto·

516 3480 562 3539 tas
586 3480 633 3538 vis
657 3477 764 3537 reterri
788 3479 819 3537 in
841 3477 1009 3538 volumina.
1062 3479 1123 3541 Sed
1148 3482 1223 3542 heus
1246 3489 1296 3560 tu,
1327 3482 1380 3562 qui
1404 3475 1501 3542 κανών

517 3583 588 3624 esse
611 3580 751 3622 meorum
776 3563 960 3643 scriptorum
979 3562 1070 3643 soles,
1093 3566 1176 3627 unde
1190 3565 1266 3627 illud
1284 3572 1343 3627 tarn
1370 3565 1500 3646 ἄκυρονι

518 3646 707 3713 Valitudirri
735 3648 876 3728 fideliter
906 3649 1130 3713 inserviendo?
1173 3650 1259 3711 Unde
1285 3651 1315 3710 in
1344 3643 1436 3711 istum
1460 3649 1501 3708 to-

517 3753 586 3795 oum
609 3731 771 3816 fideliter?
803 3732 857 3792 Cui
885 3733 981 3793 verbo
1004 3740 1061 3794 etc.
1092 3736 1125 3796 V.
1146 3736 1267 3800 Victor.
1288 3733 1327 3795 ad
1351 3753 1424 3795 eum
1447 3732 1501 3792 too.

517 3820 560 3881 Cf.
585 3819 675 3880 etiam
703 3816 866 3880 Wieland.
892 3816 930 3878 ad
954 3817 1048 3898 Epist.
1070 3818 1110 3881 ad
1125 3820 1192 3880 Div.
1211 3823 1259 3896 16,
1274 3824 1304 3885 9.
1327 3817 1392 3878 Lib.
1410 3822 1440 3898 9,
1457 3818 1502 3880 15.

570 3995 596 4057 1)
633 3997 754 4064 Reliqua,
779 3964 849 4063 quae
866 4012 919 4049 uon
938 4001 1000 4049 sunt
1018 3997 1133 4060 Tironis,
1158 4014 1183 4051 v.
1204 3999 1230 4050 in
1250 4002 1339 4054 Gellio.

570 4082 604 4146 2)
635 4085 721 4135 Verba
745 4086 962 4138 Varronisbaec
985 4092 1058 4138 sunt:
1089 4089 1231 4154 Pompeius
1255 4067 1457 4155 timidc„quod
1479 4088 1504 4139 in

517 4153 631 4212 theatro,
656 4168 690 4202 ue
710 4156 884 4208 adscriberet:
911 4159 1004 4208 consui
1025 4157 1130 4209 tertium
1150 4164 1195 4209 aut
1214 4160 1303 4224 tertio,
1327 4163 1460 4211 extremes
1477 4158 1506 4209 ti·

517 4228 588 4274 teras
607 4235 661 4274 uon
680 4221 871 4291 [coancripsit.

456 4314 459 4324 '
570 4313 599 4379 3)
636 4315 708 4373 Ques
728 4315 836 4379 quidem
856 4315 970 4381 scriptus
995 4315 1077 4366 tuisse
1101 4320 1232 4367 testantur
1250 4316 1383 4381 Epistotee
1402 4316 1506 4368 Cicero·

518 4385 560 4433 nis
579 4385 614 4434 ed
632 4388 683 4436 Art.
704 4384 732 4446 5,
749 4383 792 4436 20.
818 4385 846 4446 9,
869 4388 909 4438 17.
936 4385 1040 4446 1219.
1068 4383 1110 4436 te.
1138 4384 1367 4446 16,15subfin.
1407 4386 1446 4438 Art
1464 4386 1508 4436 Di-

520 4466 589 4504 vers.
616 4453 658 4516 16,
679 4453 704 4504 4.
726 4456 751 4506 5.
772 4455 842 4508 6.'9.
864 4453 905 4506 12.
930 4453 970 4506 14.
993 4454 1032 4509 15.
1053 4453 1095 4504 26.
