3484 5600
377 810 397 869 2
758 797 977 863 rtnomnnn.

379 984 547 1047 desideres,
598 984 660 1042 lloc
685 983 815 1043 tortasse
839 980 880 1041 illi
911 981 981 1041 vitio
1010 985 1127 1059 vertas,
1162 982 1252 1063 quod
1281 986 1363 1048 nimis

379 1071 505 1150 copiose
535 1075 565 1129 et
591 1068 658 1127 tuse
687 1085 752 1125 rem
781 1084 870 1126 suam
898 1065 1113 1144 pertractavit,
1146 1066 1234 1145 quod
1266 1075 1362 1132 tamen

378 1155 489 1235 legenti
518 1151 600 1214 baud
632 1152 784 1229 ingratum
817 1148 974 1210 acciderit.
1035 1150 1121 1209 llunc
1147 1149 1363 1231 disputationis

378 1238 516 1300 ordinem
545 1236 736 1316 aptissimum
760 1232 910 1310 judicavit
937 1232 1001 1308 ille,
1036 1239 1068 1293 ut
1094 1234 1130 1293 in
1164 1241 1227 1297 tres
1264 1247 1362 1318 partes

379 1341 448 1383 eant
478 1321 644 1399 divideret,
675 1336 805 1399 quarum
833 1320 934 1396 prima
962 1318 1024 1395 agit
1050 1315 1089 1377 de
1116 1319 1177 1379 vita
1209 1326 1240 1380 et
1274 1323 1362 1384 rebus

379 1407 515 1478 Tironis3
554 1406 642 1483 cujus
675 1405 771 1484 partis
807 1409 879 1462 sunt
910 1420 999 1479 capp.
1024 1404 1066 1462 tt:
1117 1400 1147 1477 l)
1176 1402 1217 1463 de
1243 1406 1362 1468 Tironis
1393 1413 1397 1423 '

378 1489 565 1552 nominibus.
614 1487 649 1564 2)
678 1488 716 1548 de
743 1487 842 1566 patria
874 1493 905 1545 et
929 1490 1029 1545 aetate
1058 1485 1118 1545 Tir.
1168 1488 1205 1564 3)
1235 1488 1276 1549 de
1306 1491 1360 1551 vita

378 1576 453 1652 Tic,
488 1572 588 1651 deque
610 1574 645 1631 lt.
668 1570 733 1632 Tul.
757 1570 915 1632 Ciceronis
942 1568 1134 1648 aliorumque
1162 1571 1303 1651 epistolis
1327 1573 1362 1635 ad

378 1676 449 1718 eum
472 1653 693 1735 spectantibus.
734 1654 768 1732 t)
791 1654 830 1714 de
852 1654 974 1714 Tironis
999 1659 1028 1711 et
1051 1653 1209 1716 Ciceronis
1233 1658 1360 1719 annicius

378 1760 439 1802 non
467 1748 582 1802 temere
610 1739 771 1800 calumniis
800 1737 943 1818 petenda.
996 1738 1070 1798 Pars
1100 1738 1194 1799 altera
1225 1742 1361 1821 quinque

379 1832 499 1887 constat
519 1823 687 1904 capitibus:
738 1825 766 1901 t)
796 1823 835 1883 de
859 1821 961 1884 studio
985 1821 1104 1883 Tironis
1127 1824 1158 1882 in
1181 1824 1360 1905 colligendis

378 1909 570 1989 edendisque
594 1909 680 1969 libris
703 1909 832 1987 patroni.
871 1905 906 1981 2)
930 1906 969 1967 de
993 1905 1081 1966 libris
1105 1925 1122 1966 a
1144 1908 1204 1967 Tir.
1229 1910 1359 1988 scriptis.

378 1995 413 2070 3)
437 1993 475 2054 de
498 1993 586 2052 libris
612 1993 715 2051 Tironi
740 1992 919 2069 suppositis.
964 1989 998 2066 d)
1022 1990 1061 2050 de
1083 1992 1192 2051 Tirone
1212 1994 1360 2056 Notarum

379 2078 546 2136 inventore.
591 2073 625 2148 5)
655 2074 693 2132 de
720 2077 867 2133 Notarum
898 2074 1128 2135 collectionibus
1157 2075 1277 2135 Tironis
1304 2095 1362 2138 no·

378 2159 462 2220 mine
490 2157 651 2235 insignitis.
703 2160 777 2218 Pars
810 2158 897 2217 tertia
932 2160 993 2237 agit
1024 2158 1063 2219 de
1094 2159 1161 2221 aliis
1187 2159 1361 2222 'l'ironibus

379 2244 480 2315 Quum
503 2239 587 2301 aliud
611 2241 754 2319 equidem
779 2243 808 2302 in
833 2241 917 2303 bisce
940 2242 1175 2305 conscribendis
1190 2244 1361 2323 consilium,

378 2335 470 2404 atque
486 2325 539 2384 Vir
560 2324 609 2383 ille
633 2324 755 2399 doctuS,
780 2344 942 2404 sequerer,
968 2327 1060 2387 alium
1079 2346 1205 2407 quoque
1221 2327 1361 2389 ordinem

378 2410 506 2470 institui.
550 2410 614 2469 lloc
632 2411 712 2470 enim
729 2410 870 2489 inprimis
888 2411 1044 2489 volebam,
1071 2419 1105 2472 ut
1119 2413 1203 2490 Tiro,
1226 2419 1258 2473 et
1280 2411 1361 2493 quod

378 2492 418 2555 ad
446 2512 547 2555 mores
579 2494 798 2575 ingeniumque
830 2496 974 2573 pertinet,
1006 2502 1036 2555 et
1062 2493 1146 2576 quod
1174 2495 1215 2558 ad
1247 2499 1360 2576 scripta

377 2597 546 2657 eorumque
562 2579 731 2657 fragmenta
747 2586 875 2657 spectat,
900 2579 998 2659 magis
1012 2580 1227 2644 innotesceret.
1258 2582 1361 2654 Quare

376 2662 476 2742 primo
501 2662 568 2722 loco
590 2664 710 2722 Tironis
734 2664 827 2723 vitam
855 2665 963 2741 paucis
987 2661 1218 2743 exponendam,
1247 2664 1360 2726 deinde

377 2745 416 2808 de
444 2744 531 2808 libris
562 2765 577 2807 a
606 2748 717 2809 Tirone
745 2748 868 2828 scriptis
897 2746 1113 2808 disserendum
1146 2767 1216 2810 esse
1244 2750 1359 2828 censui,

376 2839 405 2893 et
428 2832 600 2910 fragmenta
623 2833 733 2894 ordine
758 2833 908 2911 deinceps
937 2833 1164 2911 componenda3
1195 2841 1260 2893 tum
1285 2852 1360 2894 non-

375 2916 458 2977 nulla
482 2916 520 2977 de
543 2916 627 2979 libris
652 2917 728 2978 talso
752 2917 793 2977 illi
818 2917 937 2977 tributis
961 2915 1105 2996 dicenda,
1128 2926 1220 2998 atque
1243 2916 1284 2978 de
1302 2919 1359 2977 No-

375 3001 413 3062 tis
438 3019 519 3079 quae
547 3002 692 3063 dicuntur
713 3001 900 3076 Tironianis3
936 3006 1093 3078 postremo
1124 3000 1162 3062 de
1185 3000 1288 3063 studio
1311 3001 1359 3060 Ti-

375 3085 459 3144 ronis
473 3085 519 3227 din
547 3085 728 3166 colligendis
756 3084 947 3164 edendisque
971 3083 1094 3164 scriptis
1118 3086 1274 3149 Ciceronis
1299 3084 1360 3147 dis·

375 3174 470 3244 putau
495 3187 555 3228 um.

461 3343 488 3421 ξ.
515 3350 540 3407 Ι.
577 3349 626 3410 De
650 3352 779 3413 Tironis
800 3354 888 3426 otta,
913 3352 1056 3416 moribus
1081 3357 1113 3414 et
1132 3355 1275 3434 ingenio.

441 3486 590 3557 Quaado
614 3489 688 3566 vita,
712 3489 850 3552 moribus
875 3500 967 3572 atquo
990 3497 1112 3574 ingenio
1126 3497 1246 3558 Tironis
1271 3496 1360 3557 uobis

376 3571 591 3650 innotuerunt,
623 3572 700 3633 haec
729 3574 792 3636 tere
815 3589 902 3637 sunt:
941 3581 1017 3649 Tiro
1036 3578 1061 3657 ¹)
1084 3598 1181 3642 verna
1204 3581 1360 3642 Ciceronis

377 3795 403 3841 et
420 3789 541 3842 devitiis
560 3789 586 3839 in
605 3789 656 3840 Tir.
677 3794 783 3844 notatis.
814 3795 917 3848 Vitenb.
934 3796 1010 3849 1727.
1031 3797 1056 3849 4.
1077 3803 1104 3862 (a
1122 3799 1245 3850 schulzio
1263 3799 1362 3864 laud.);

381 3859 499 3911 Vossius
523 3859 556 3910 de
578 3859 649 3910 blstt.
676 3862 741 3913 titt.
762 3865 779 3915 1.
806 3879 833 3928 p.
852 3864 909 3929 84.;
943 3866 1054 3918 Harles.
1080 3869 1224 3920 introduct
1247 3870 1275 3920 in
1300 3857 1384 3921 nist·

376 3927 481 3978 Literat.
503 3932 612 3982 Roman.
638 3931 665 3980 P.
683 3932 712 3981 ll.
737 3947 764 3996 p.
783 3934 840 3987 179.
867 3939 904 3997 et,
935 3950 1014 4000 quern
1040 3938 1083 3989 liic
1104 3938 1234 4000 laudavit,
1259 3936 1362 3990 Funcc.

377 3996 411 4046 de
428 3997 500 4048 Virili
518 4003 608 4052 Aetate
630 4001 657 4051 L.
682 4001 711 4051 L.
738 4003 765 4054 P.
783 4005 802 4055 1.
828 4019 854 4069 p.
874 4005 916 4056 ὅθ.
945 4007 1015 4057 Ρ.11.
1040 4021 1067 4071 p.
1084 4007 1144 4060 373.
1184 4007 1304 4070 Heeren,
1330 4009 1363 4059 de

376 4064 477 4144 Fontib.
502 4067 584 4116 Vltor.
608 4072 674 4122 Plut.
699 4085 726 4135 p.
744 4072 794 4124 184
808 4088 867 4138 sqq.
907 4072 1007 4126 setun
1032 4082 1058 4127 et
1084 4076 1175 4128 Orelli
1197 4077 1360 4129 Onomastic.

377 4133 461 4185 Cicer.
488 4148 513 4185 v.
534 4137 635 4189 Tullius
658 4140 732 4204 Tir03
771 4141 933 4203 Dramatic,
966 4145 1063 4198 Gescti.
1083 4146 1169 4197 Romo
1190 4150 1240 4196 eto.
1269 4148 1297 4198 T.
1319 4147 1360 4198 Vl.

376 4217 404 4268 p.
419 4202 471 4254 405
485 4217 561 4268 sqq.;
598 4206 739 4260 Reintotd.
761 4210 863 4270 Klotz,
888 4211 996 4265 Hanno.
1017 4213 1042 4265 d.
1068 4214 1166 4266 toleio.
1188 4213 1362 4267 Litterotur·

376 4269 466 4338 occet.
494 4273 565 4338 lips.
585 4273 662 4326 1846.
688 4279 745 4329 vol.
764 4281 783 4331 1.
810 4293 836 4343 p.
849 4278 885 4330 90
899 4293 958 4345 sqq.

431 4361 459 4426 l)
495 4363 609 4413 Fuerunt
631 4363 678 4428 qul
702 4365 785 4428 Tyro,
809 4364 914 4436 Τύρσιν,
942 4371 1089 4423 scriberent
1112 4372 1164 4424 boo
1187 4384 1285 4424 nomen
1309 4370 1360 4434 (ot.

378 4429 439 4481 Geli.
464 4431 494 4481 N.
515 4434 544 4482 Α.
570 4434 601 4484 V.
619 4435 642 4485 l.
669 4448 695 4500 p.
710 4433 772 4487 369.
798 4436 822 4499 ἓ.
838 4438 863 4490 6.
890 4439 934 4491 ed.
960 4440 1064 4505 meae);
1098 4441 1147 4493 sed
1168 4443 1239 4492 nulla
1265 4441 1363 4493 idonea
