3484 5600
501 814 543 878 26
838 812 1149 877 MAECENATIANA.
1166 840 1175 856 ι’

797 996 827 1060 b)
863 997 1023 1049 Maecenatis
1047 1008 1135 1046 mores
1156 992 1185 1058 ¹).

562 1124 608 1183 De
636 1120 829 1199 hominihus,
858 1140 937 1201 quos
960 1122 1034 1203 ¹ipse
1061 1140 1164 1203 neque
1186 1140 1224 1182 ex
1248 1123 1300 1203 iis,
1334 1144 1416 1205 quae
1440 1128 1484 1189 di-

498 1215 609 1270 xerunt
638 1212 730 1286 atque
759 1206 913 1285 iecerunt,
950 1224 1054 1285 neque
1084 1224 1122 1266 cx
1150 1205 1278 1267 aliorum
1308 1227 1361 1270 ore
1394 1217 1484 1291 atque

499 1291 624 1372 scriptis
653 1289 745 1372 plane
771 1290 909 1371 cognitos
938 1288 1050 1369 habes,
1082 1295 1164 1351 reete
1193 1293 1320 1353 omnino
1346 1294 1485 1371 iudicare

498 1375 711 1439 difficillimum
740 1394 809 1437 esse
838 1392 899 1435 nou
927 1374 1040 1436 infitias
1069 1373 1137 1435 ibis.
1191 1376 1255 1436 Hoc
1284 1377 1428 1457 inprimis
1455 1380 1485 1441 fit

498 1463 529 1523 in
560 1461 648 1539 viris,
681 1460 712 1519 in
740 1478 850 1540 magno
886 1460 1026 1519 fortunae
1061 1459 1182 1539 fastigio
1211 1461 1337 1541 positis,
1375 1462 1484 1542 quibus

499 1545 549 1607 vei
566 1545 649 1623 justo
673 1542 779 1624 plures
804 1550 878 1605 sunt
900 1544 1005 1620 amici,
1036 1542 1085 1604 vel
1109 1544 1212 1623 potius
1236 1544 1313 1607 tates
1336 1546 1484 1624 homines,

499 1630 553 1709 qui
575 1629 742 1689 amicorum
770 1646 884 1689 nomen
912 1636 1065 1707 usurpant
1096 1635 1188 1707 atque
1211 1630 1407 1709 profitentur,
1439 1630 1484 1693 vet

498 1712 578 1774 adeo
610 1712 700 1773 etiam
732 1713 860 1789 inimici,
901 1713 932 1772 in
965 1712 1110 1774 omnibus
1140 1712 1235 1774 rebus
1271 1714 1320 1773 vel
1349 1715 1484 1779 invidiae

498 1816 594 1861 causa
618 1815 748 1878 magnos
772 1798 916 1862 hemines
940 1800 1127 1858 incusantes.
1178 1799 1254 1857 Hine
1276 1798 1368 1878 igitur
1391 1800 1481 1861 etiam

498 1883 699 1960 factumest,
730 1890 764 1944 ut
787 1882 825 1943 de
842 1882 1025 1943 Maecenatis
1049 1881 1189 1943 moribus
1213 1888 1304 1961 atquo
1326 1881 1433 1943 indole
1458 1890 1486 1944 et

498 1968 551 2046 qui
575 1965 648 2027 olim
672 1966 815 2026 vixerunt
841 1983 878 2025 ac
904 1966 1097 2041 scripserunt
1124 1971 1154 2023 et
1182 1966 1233 2041 qui
1259 1966 1486 2029 recentioribus

497 2048 689 2127 temporibus
703 2054 924 2126 exposuerunt,
949 2045 998 2106 alii
1022 2045 1108 2104 aliter
1122 2046 1277 2105 sentirent.
1312 2049 1378 2105 tam
1395 2052 1487 2128 equi-

497 2129 569 2192 dem
592 2130 776 2210 praeoipuos
800 2136 940 2189 veterum
969 2128 1153 2205 scriptorum
1177 2126 1275 2205 loom,
1306 2128 1366 2189 hue
1389 2134 1485 2209 perti-

495 2221 618 2292 nentes,
648 2213 797 2292 deinceps
820 2210 1025 2294 apponendos
1043 2229 1113 2271 esse
1135 2212 1255 2290 censui,
1278 2213 1407 2275 atinde
1433 2219 1484 2297 qui

496 2298 611 2359 fuerint
622 2298 805 2358 Maecenatis
820 2314 923 2355 mores
938 2296 1003 2355 iere
1018 2294 1136 2357 habeas
1151 2303 1358 2374 perspectum.
1389 2299 1483 2361 Plane

496 2381 574 2443 haec
601 2380 726 2461 quidem
755 2398 807 2443 res
836 2381 867 2440 in
895 2380 1001 2460 aprico
1032 2397 1194 2459 nunquam
1217 2381 1286 2459 erit,
1316 2381 1375 2443 nisi
1406 2384 1483 2446 torte

496 2463 649 2544 omnibus,
672 2483 871 2546 quaequam
895 2469 1019 2544 poetae,
1043 2461 1107 2524 tum
1130 2463 1259 2543 reliqui,
1282 2464 1435 2528 aSeneca
1456 2469 1482 2530 si

495 2549 691 2628 discesseris,
714 2550 922 2630 protulerunt,
946 2566 1071 2609 caecam
1094 2548 1186 2608 fidem
1205 2548 1322 2611 habere
1338 2551 1481 2629 volueris,

495 2652 557 2713 quo
579 2652 655 2695 sane
679 2633 772 2694 modo
802 2652 863 2694 nen
893 2633 1046 2694 sinistram
1078 2632 1116 2693 de
1144 2632 1267 2694 homine
1298 2638 1480 2696 sententiam

494 2718 584 2779 feres.
609 2750 648 2763 -
693 2718 730 2778 Ut
752 2718 846 2798 igitur
868 2717 908 2778 do
934 2717 1063 2796 singuiis
1088 2716 1254 2778 virtutibus
1278 2718 1411 2797 primum
1434 2720 1480 2780 di-

494 2821 577 2880 cam,
601 2821 656 2865 eas
679 2803 755 2864 nihii
777 2804 866 2883 pensi
889 2801 1004 2878 habeo,
1028 2820 1106 2882 quas
1128 2803 1196 2882 ipse
1214 2804 1374 2863 Maecenas
1397 2822 1481 2864 com-

433 2892 435 2897 '
494 2886 622 2950 mandat
647 2888 679 2950 iu
712 2889 851 2950 eratione
880 2885 964 2969 apud
991 2887 1136 2964 Dionem,
1173 2903 1265 2966 quam
1294 2905 1387 2966 supra
1415 2890 1481 2967 jam

494 2975 681 3050 memoravi;
713 2974 830 3053 quippe
849 2973 977 3034 virtutes
1000 2970 1087 3032 facile
1110 2968 1327 3032 commendare
1349 2979 1482 3049 poterat,

495 3054 610 3135 quibus
634 3059 702 3136 ipse
724 3057 860 3119 carebat.
905 3054 1010 3118 Laudo
1039 3074 1114 3117 vero
1145 3054 1282 3135 inprimis
1311 3053 1482 3117 liberalita-

494 3146 555 3200 tem
579 3142 724 3203 omnibus
745 3148 850 3203 notam
874 3136 1032 3220 (v.§.5.);
1066 3140 1252 3201 modestiam
1268 3137 1311 3218 2),
1339 3139 1481 3201 humani-

546 3325 572 3389 1)
609 3329 641 3378 ci.
661 3328 766 3391 inprim.
793 3328 909 3390 Weber,
928 3328 971 3378 111.
987 3325 1012 3377 d.
1028 3325 1182 3376 ctat-aeter
1201 3323 1250 3374 des
1263 3323 1341 3378 Mc'c.
1361 3325 1388 3376 in
1407 3324 1480 3378 Jatn

491 3390 608 3445 latrat.
630 3394 654 3444 d.
677 3394 782 3447 Pastor.
802 3394 899 3462 suppl.
919 3396 960 3445 111.
981 3410 1007 3460 p.
1020 3393 1073 3446 274
1088 3407 1148 3459 sqq.
1171 3397 1197 3444 et
1212 3393 1239 3443 in
1257 3393 1326 3445 libro
1346 3395 1379 3445 de
1396 3397 1497 3447 Hora-⁴

493 3459 540 3513 tio.
578 3462 645 3514 Add.
669 3463 856 3515 Wclcitenaer
875 3467 894 3515 1.
914 3479 941 3529 p.
954 3462 1005 3515 212
1017 3476 1075 3529 sqq.
1096 3465 1126 3514 11.
1147 3478 1173 3528 p.
1187 3462 1220 3514 tt
1233 3476 1292 3528 sqq.
1314 3469 1339 3515 et
1357 3465 1427 3517 aiibi.

545 3549 574 3614 2)
609 3552 686 3602 Auct.
707 3553 775 3618 Eteg.
802 3566 827 3602 v.
846 3552 889 3605 31.
928 3551 1027 3616 majus
1055 3558 1117 3603 erat
1144 3551 1269 3620 potuisse
1295 3559 1402 3617 terren,
1431 3573 1480 3608 nec

491 3617 561 3669 celle
580 3619 751 3688 triumphos,
776 3620 877 3686 Major
895 3637 955 3678 res,
981 3621 1091 3688 muccis
1111 3622 1293 3683 abstinuisse,
1312 3624 1375 3686 tuit.
1414 3627 1477 3677 Hor.

492 3689 576 3740 Serm.
592 3689 619 3752 l,
636 3689 665 3753 6,
684 3691 737 3742 init.
758 3696 784 3742 et
803 3693 898 3743 Acron.
919 3691 953 3742 ad
970 3705 995 3741 v.
1009 3689 1052 3742 98.
1073 3705 1116 3756 ap.
1143 3691 1291 3756 Heindorf.
1311 3695 1373 3745 iac.
1394 3694 1477 3756 3,30.

492 3759 597 3824 „Atque
614 3761 656 3812 itte
674 3760 796 3826 (Crispus
814 3762 933 3825 Sallust.)
958 3774 1123 3826 quamquam
1145 3766 1252 3826 promto
1278 3763 1312 3812 ad
1336 3778 1479 3829 capessen-

491 3827 542 3879 dos
561 3830 677 3882 honores
695 3830 781 3892 aditu,
804 3833 984 3883 Maecenatem
1004 3833 1165 3893 aemulatus,
1188 3833 1246 3883 sine
1263 3832 1385 3897 dignitato
1396 3848 1481 3885 sena-

492 3897 559 3947 toria
590 3902 689 3953 mattos
718 3901 918 3966 triumphalium
950 3901 1189 3966 consutariumque
1217 3904 1334 3966 potentia
1360 3903 1480 3953 anteiit.“

491 3967 579 4029 Vettej.
601 3970 656 4021 Pet.
677 3973 693 4022 t.
712 3973 730 4024 1.
755 3971 856 4034 „Maec
876 3986 930 4024 nou
947 3972 1036 4022 minus
1053 3973 1168 4037 Agrippa
1188 3972 1295 4023 Caesari
1313 3986 1404 4033 carus,
1430 3974 1480 4024 sed

491 4035 580 4087 minus
603 4037 760 4092 honoratus:
786 4042 886 4107 quippe
910 4041 974 4091 vixit
997 4042 1101 4105 angusti
1126 4042 1194 4092 clavi
1217 4056 1302 4107 paene
1325 4047 1479 4106 contentus;

492 4119 541 4157 nec
563 4106 667 4158 minora
691 4112 820 4176 consequi
844 4111 941 4176 potuit,
971 4110 1019 4161 sed
1042 4126 1096 4162 non
1119 4116 1174 4163 tam
1198 4112 1377 4175 concupivit.“
1415 4113 1479 4164 Pro·

491 4179 558 4240 pert.
578 4176 607 4237 3,
626 4179 655 4239 9,
674 4177 709 4229 23
725 4193 786 4245 sqq.
812 4180 881 4231 Cum
902 4179 954 4231 rita·
974 4179 1098 4232 Rornano
1117 4180 1243 4233 donairrcs
1262 4178 1478 4233 1111111111-

491 4240 571 4296 eurr‘c
593 4244 729 4300 Ε1111111
750 4249 840 4301 rrredio
862 4263 965 4316 ponere
982 4251 1052 4314 juro
1071 4251 1150 4314 foro,
1183 4248 1236 4302 Vet
1257 4247 1310 4300 titi
1330 4249 1479 4302 Medorum

489 4315 628 4379 rapsacis
647 4315 691 4368 ire
713 4333 766 4384 per
785 4324 877 4375 aetas,
905 4320 991 4385 Atque
1011 4335 1131 4371 onerare
1150 4327 1224 4370 tuam
1244 4319 1301 4384 fian
1322 4335 1374 4386 per
1395 4334 1481 4372 arma

492 4380 619 4446 domum,
648 4385 681 4437 111
700 4386 754 4439 tibi
771 4387 809 4438 cd
827 4389 953 4452 effectione
969 4387 1046 4440 cirea
1064 4388 1240 4451 1111011111,
1260 4393 1285 4438 et
1304 4388 1478 4440 1111111111-

489 4464 559 4516 porc
577 4458 634 4504 tom
652 4455 752 4518 faciles
771 4455 946 4510 insinuentur
964 4474 1042 4525 opes,
1078 4457 1192 4522 Parcis,
1217 4463 1241 4508 et
1265 4456 1294 4509 in
1318 4457 1409 4511 tenuis
1428 4457 1479 4511 lta·
