3484 5600
723 816 1034 877 MAECENATIANA.

442 1005 585 1078 Seneca,
616 995 757 1077 Epistola
780 999 855 1058 llt:

444 1082 612 1159 Quomodo
636 1085 810 1145 Maecenas
840 1081 962 1159 vixerit,
998 1080 1184 1158 bonusest,
1220 1100 1312 1161 quam
1336 1093 1369 1144 ui

384 1171 501 1233 narrari
525 1187 609 1229 nnnc
632 1165 753 1240 debeat,
777 1162 934 1243 quomodo
958 1161 1171 1242 ambulaverit,
1196 1185 1289 1245 quam
1313 1166 1367 1227 de-

385 1258 491 1317 licatus
519 1252 624 1327 tuerit,
658 1267 752 1329 quam
781 1248 910 1326 cupierit
939 1246 1051 1321 videri,
1088 1266 1181 1327 quam
1209 1251 1280 1312 vilia
1311 1270 1367 1312 sua

385 1341 475 1401 latere
499 1336 640 1397 noluerit.
677 1332 757 1405 Quid
780 1331 878 1410 ergo?
900 1349 961 1391 non
985 1332 1082 1391 oratio
1106 1333 1172 1410 ejus
1195 1352 1294 1413 aeque
1317 1354 1367 1395 so-

384 1425 442 1484 luta
466 1428 528 1498 est,
553 1438 645 1499 qnam
669 1418 737 1496 ipse
757 1415 946 1475 discinctus?
968 1433 1029 1473 nou
1048 1423 1110 1475 tam
1128 1417 1270 1495 insignita
1287 1420 1368 1480 illius

384 1505 477 1567 rerba
501 1512 586 1579 sunt,
610 1520 703 1582 quam
726 1500 840 1576 cultus,
865 1517 958 1578 quam
984 1500 1162 1576 comitatuS,
1193 1520 1286 1580 quam
1312 1503 1367 1562 do-

384 1610 465 1665 mus,
499 1585 714 1668 quam'uxor‘l
760 1585 857 1661 Magni
886 1584 1012 1662 ingenii*
1031 1585 1075 1642 vir
1099 1585 1212 1659 luerat,
1242 1589 1267 1647 si
1291 1587 1367 1646 illud

385 1675 501 1752 egisset
523 1673 571 1732 via
596 1672 740 1742 rectiore,
775 1669 800 1727 si
830 1685 892 1726 non
923 1668 1051 1726 vitasset
1079 1667 1220 1748 intelligi,
1257 1672 1282 1730 si
1305 1689 1367 1729 non

384 1760 474 1817 etiam
499 1758 530 1815 in
553 1757 690 1816 oratione
718 1752 882 1812 dilllueret.
936 1749 1060 1810 Videbis
1089 1753 1193 1829 itaque
1221 1753 1366 1831 eloquen-

382 1843 457 1900 tiam
485 1839 563 1899 ebrii
590 1840 722 1899 hominis
752 1836 938 1908 involutam,
969 1841 999 1892 et
1022 1841 1193 1912 errantem,
1223 1844 1252 1895 et
1275 1837 1367 1897 lieen-

382 1926 443 1983 tiae
472 1923 606 2002 plenam.
655 1925 828 1985 Maecenas
851 1918 891 1979 de
908 1920 933 1996 ¹)
963 1918 1054 1980 enlin
1081 1937 1156 1980 sno:
1189 1920 1279 2001 Quid
1301 1928 1367 1983 tnr-

380 2120 431 2170 Sed
451 2122 549 2170 trustra
571 2120 612 2169 hic
630 2119 789 2169 Maecenatis
808 2118 1010 2183 appellationem
1031 2120 1136 2185 quaeri,
1156 2121 1232 2172 laeile
1251 2124 1311 2186 quis
1329 2123 1368 2172 in-

380 2192 488 2253 telligat,
514 2190 559 2253 qui
582 2205 661 2238 necea
685 2190 906 2252 impersonaliter·
926 2191 1110 2253 accipiendum
1135 2190 1231 2241 rideat.
1276 2193 1368 2255 Majori

380 2274 440 2309 cum
460 2261 551 2323 speeie
569 2259 648 2308 fidem
668 2258 785 2321 opinioni
804 2272 870 2308 suae
889 2261 1010 2309 conciliat
1025 2261 1132 2310 Rivinus
1151 2261 1268 2313 adducto
1286 2277 1367 2312 versu

379 2330 495 2379 Maronis
518 2332 611 2391 Georg.
636 2329 669 2388 ΙΙ,
687 2327 734 2387 39,
765 2343 818 2392 quo
844 2330 1022 2379 Maecenatem
1051 2331 1170 2392 invocat,
1198 2336 1227 2381 ut
1249 2332 1366 2382 laveram

381 2399 454 2463 operi
476 2412 526 2448 suo
550 2402 678 2463 praestet,
708 2412 762 2461 quo
786 2412 858 2448 nunc
884 2398 1011 2449 arborum
1036 2401 1185 2463 vitiumque
1208 2404 1384 2465 propagines¹
1465 2407 1469 2411 ’

380 2469 477 2520 docere
496 2468 675 2533 aggrediatur:

497 2539 588 2605 't'uque
607 2538 686 2595 odes,
706 2536 897 2602 inceptumque
915 2553 969 2587 nnn
989 2537 1106 2587 decurre
1125 2535 1259 2586 laborem.

380 2610 455 2659 Hune
474 2608 543 2659 enim
563 2620 672 2658 versum
691 2606 726 2655 ita
744 2606 867 2670 accipere
885 2601 1000 2669 videtur,
1026 2607 1102 2670 quasi
1127 2608 1247 2657 hortetur
1265 2608 1367 2659 Maece-

380 2683 479 2738 natem,
506 2682 545 2737 ul,
568 2676 798 2741 quemadmodum
821 2677 880 2740 ipse
902 2676 928 2724 in
947 2677 1013 2726 libro
1034 2677 1191 2740 Georgicon,
1216 2679 1250 2727 ita
1275 2678 1316 2728 ille
1339 2679 1366 2729 in
1441 2738 1443 2742 Ι

348 2749 353 2753 ’
380 2748 444 2799 libro
469 2748 589 2797 instituto
613 2745 646 2795 dc
664 2744 744 2794 Cultu
768 2750 850 2795 artem
875 2749 901 2794 et
924 2760 1017 2796 euram
1041 2747 1213 2796 serendarum
1237 2748 1365 2798 arborum

381 2831 514 2884 exponere
531 2821 632 2881 pergat,
654 2820 735 2878 atque
753 2829 805 2865 una
824 2830 928 2876 seeum,
947 2819 986 2866 vel
1006 2818 1107 2866 sociata
1121 2830 1214 2880 opera,
1240 2818 1311 2867 hune
1329 2820 1366 2868 la-

380 2886 472 2938 borem
492 2886 621 2936 absolvat.
659 2887 705 2936 His
724 2886 849 2950 expositis
869 2887 891 2934 si
916 2887 1031 2936 rationes
1050 2886 1132 2935 Rivini
1156 2887 1269 2936 valerent
1294 2887 1366 2947 satie,

380 2957 555 3021 colligendum
573 2956 634 3005 inde
653 2959 734 3014 esset,
754 2956 933 3005 Maecenatem
952 2961 1013 3006 ante
1027 2956 1197 3006 Columellam
1215 2954 1311 3004 librum
1331 2955 1365 3006 de

379 3025 461 3078 Cultu
480 3023 622 3075 lior-lorum
648 3024 770 3074 versibus
794 3025 954 3076 condidisse.
997 3026 1048 3075 Sed
1073 3038 1237 3089 quamquam
1264 3025 1367 3076 studio·

379 3097 514 3147 sissimum
535 3096 573 3145 rei
591 3095 721 3145 hortensis
734 3095 912 3145 Maecenatem
932 3095 1014 3146 luisse
1026 3099 1140 3154 constal,
1161 3108 1240 3159 quem
1252 3090 1365 3145 multum

378 3165 399 3215 iu
419 3166 507 3216 bortis
526 3165 560 3215 ab
578 3178 608 3215 se
626 3164 763 3215 instructis
783 3165 886 3215 sedisse
904 3165 983 3214 relect
1002 3170 1097 3215 auctor
1119 3165 1220 3228 Elegiae
1239 3165 1271 3214 de
1290 3164 1365 3215 obitu
1402 3165 1406 3170 ’

378 3235 459 3286 llaec.
481 3248 506 3285 ν.
519 3234 553 3286 33
565 3248 607 3298 sq.
632 3240 658 3284 et
681 3235 725 3284 cui
744 3233 865 3298 Virgilius
890 3235 1078 3298 Georgicorum
1101 3235 1183 3284 libros
1207 3234 1366 3285 etSubinus

378 3306 437 3355 Tiro
536 3299 696 3372 Κηπουρικὰ
793 3304 902 3364 dieai'it3
932 3305 1027 3355 librum
1051 3309 1135 3354 lamen
1155 3303 1263 3366 ejusde
1283 3302 1365 3354 Cultu

376 3377 461 3424 solam
487 3375 627 3424 hortorum
652 3375 783 3423 culturam
809 3379 957 3438 spectasse,
982 3376 1155 3438 argumentis,
1181 3373 1366 3438 quibus-[livi-

377 3458 426 3494 nus
447 3443 542 3502 ulilur‚
567 3443 686 3492 nondum
706 3444 791 3494 evinci
812 3444 939 3508 arbitror,
957 3459 1045 3509 neque
1061 3445 1217 3495 M'eibomius
1314 3445 1365 3494 tale

377 3516 433 3576 ejus
453 3518 639 3577 argumentum
659 3513 812 3575 suspicatus
832 3517 884 3564 ests
918 3515 971 3577 Ego
987 3516 1044 3565 'lere
1063 3514 1276 3574 existimaverim,
1294 3514 1365 3564 Mae·

378 3587 500 3634 canalem
523 3596 555 3632 eo
580 3581 646 3631 libro
673 3584 827 3633 universum
852 3585 922 3633 vitae
945 3598 1012 3635 suae
1036 3587 1148 3646 cultum,
1175 3597 1275 3642 mores
1298 3587 1365 3644 aeta,

376 3653 481 3713 luxum,
504 3665 574 3715 quae
591 3649 693 3701 sciebat
711 3653 811 3717 passim
830 3653 999 3717 reprehendi,
1024 3668 1153 3705 excusare
1171 3655 1301 3712 voluisse,
1324 3652 1365 3702 id-

377 3737 428 3786 que
447 3722 593 3786 praeeipue
614 3722 774 3784 defendisse,
804 3721 877 3786 quod
901 3737 1027 3787 eampum
1047 3725 1225 3788 Exquilirium.
1250 3721 1364 3785 publicis

376 3798 452 3842 antea
472 3790 567 3840 usibus
593 3791 766 3851 destinatum,
789 3793 872 3843 bortis
892 3794 947 3842 suis
966 3798 991 3843 et
1010 3794 1136 3844 aediliciis
1154 3791 1300 3856 magnillus
1317 3803 1365 3840 oc-

376 3866 514 3926 cupasset,
536 3860 629 3925 ibique
646 3862 727 3911 vitam
747 3862 864 3912 desidem
885 3869 910 3912 et
928 3863 1030 3912 luxuria
1050 3863 1212 3912 diffluentem
1232 3859 1343 3922 ageret.“

428 3954 455 4014 1)
493 3954 550 4004 Fuit
568 3955 614 4018 qui
632 3957 738 4018 legeret:
766 3954 892 4018 plenum,
917 3952 1094 4019 Maecenatis
1112 3953 1140 4004 in
1162 3969 1186 4002 c.
1205 3965 1264 4001 aue.
1290 3951 1315 4000 h.
1337 3965 1361 4002 e.

374 4023 479 4073 videbis
502 4026 648 4074 orationem
673 4024 777 4087 dignam
797 4025 961 4083 Maecenate,v
983 4023 1019 4072 ita
1043 4027 1073 4070 ut
1095 4026 1152 4071 erat
1177 4021 1247 4070 culto
1268 4026 1296 4071 et
1314 4020 1363 4070 dil-

374 4094 484 4144 llueute.
523 4092 595 4144 Quid
612 4094 736 4159 turpino:
763 4096 850 4142 Arane
871 4098 922 4142 ete.
951 4091 1034 4142 Codd.
1056 4093 1106 4155 pol.
1128 4094 1153 4139 et
1173 4090 1282 4140 Pintiani
1299 4103 1362 4140 cum

373 4162 434 4212 edd.
455 4166 519 4212 vett.
541 4163 602 4212 hab.
628 4163 660 4213 de
679 4178 701 4211 e.
721 4178 779 4214 ane.
813 4163 951 4214 Erasmus:
979 4161 1007 4212 in
1027 4176 1049 4208 c.
1069 4158 1091 4210 a.
1127 4162 1263 4220 orianum,
1280 4171 1362 4209 voces

372 4229 441 4281 tinec
460 4231 493 4281 de
512 4246 536 4281 c.
555 4247 578 4282 a.
600 4246 615 4283 e
633 4233 752 4295 margine
769 4233 886 4282 intrusus
904 4245 965 4281 esse
981 4229 1093 4296 putabat
1110 4232 1212 4281 Gruter.
1239 4228 1362 4280 Celerum

375 4300 490 4366 lapsine
507 4303 598 4352 omnia
616 4301 657 4352 sic
674 4302 818 4366 disposuit:
1370 4304 1372 4306 ’

442 4388 612 4440 commalion
630 4389 746 4454 primum
766 4389 800 4438 de
817 4387 922 4451 cymbis
940 4390 1008 4436 inter
1024 4388 1146 4438 hortos:

540 4460 643 4519 Amne,
663 4458 796 4526 silviaque
815 4456 879 4524 ripn
900 4454 1072 4507 cernentibus

1115 4562 1131 4616 4
