3484 5600
518 836 546 876 lv

516 1003 655 1083 paullulo
678 1002 887 1065 emendatiora
917 1001 1093 1082 prodirent,
1131 1002 1264 1083 benigno
1293 1011 1398 1063 temen
1422 1006 1498 1066 exci-

517 1130 594 1210 pias,
639 1131 682 1188 Ac
705 1128 867 1188 Tironiana
891 1125 1016 1205 quidem
1042 1145 1068 1185 a.
1092 1125 1181 1202 hujus
1204 1141 1284 1185 saec.
1308 1125 1413 1185 XXIV.
1440 1128 1516 1205 pri·-

516 1269 598 1310 mum
622 1250 704 1311 edidi
729 1252 759 1310 in
783 1250 947 1325 Seebodii‚
972 1252 1005 1311 V.
1021 1250 1114 1351 Claro,
1138 1250 1241 1310 Diario
1262 1248 1497 1327 (Philet-Pue-

513 1375 638 1460 dugog.
661 1376 778 1439 Archiv
802 1375 915 1437 Fascio.
931 1377 959 1437 2.
983 1395 1012 1454 p.
1026 1377 1088 1438 246
1102 1372 1196 1471 sum).
1241 1372 1350 1453 Viginti
1375 1372 1495 1436 duobus

515 1499 619 1575 annis,
650 1500 703 1579 qui
726 1518 763 1560 ex
790 1498 842 1560 illo
870 1497 941 1559 inde
968 1480 1107 1578 tempore
1131 1498 1228 1606 elapsi
1252 1505 1336 1577 sunt,
1367 1499 1494 1564 Tironis

517 1621 609 1680 vitam
642 1620 763 1681 luerunt
785 1620 928 1701 quidem,
956 1621 1009 1701 qui
1032 1621 1132 1682 obiter
1154 1622 1317 1683 occasione
1341 1621 1413 1685 data
1435 1644 1486 1686 ex·

446 1713 451 1720 ¹
516 1749 669 1822 ponerent
683 1743 724 1823 ¹),
753 1750 783 1805 at
806 1746 858 1825 qui
886 1735 925 1805 ex
947 1745 1101 1824 professo,
1136 1707 1242 1821 uem03
1276 1745 1347 1807 hinc
1376 1747 1486 1809 lactum

514 1875 576 1942 cst,
598 1873 644 1947 ut,
668 1866 752 1949 quod
774 1868 813 1931 ad
837 1888 908 1932 eum
930 1868 1050 1946 attinet,
1073 1886 1171 1948 pauca
1196 1874 1312 1930 tautum
1334 1867 1488 1948 haberem,

510 2009 592 2068 quae
615 1991 771 2052 adderem.
823 1995 867 2052 De
897 1994 1085 2055 Maecenate
1112 1999 1212 2051 aulem
1243 2011 1279 2053 oo
1308 1993 1414 2074 plures
1436 1997 1490 2058 VV.

510 2114 572 2174 DD.
597 2116 644 2173 vel
669 2115 769 2175 obiter
802 2116 849 2174 vcl
883 2133 920 2174 ex
946 2114 1088 2193 professo
1118 2114 1370 2196 scripserunt²)‚
1401 2119 1492 2179 itaut

509 2238 603 2299 multa
628 2247 747 2317 esseut,
772 2257 851 2318 quae
875 2237 913 2298 ad
936 2237 1092 2299 hominem
1110 2240 1285 2299 accuratius
1304 2258 1490 2320 cognosceu-

507 2358 582 2420 dum
605 2378 814 2439 congererem.
860 2360 1003 2421 Abstinui
1029 2366 1131 2422 tamen
1154 2380 1171 2422 a
1195 2363 1289 2424 nimis
1312 2364 1416 2428 multis
1438 2364 1488 2428 ad-

507 2483 699 2564 ditamentis,
730 2504 769 2545 ne
792 2483 877 2564 quod
902 2485 972 2544 item
997 2492 1067 2544 ante
1090 2486 1130 2547 22
1153 2502 1252 2545 anuos
1274 2486 1423 2565 maxime,
1452 2507 1488 2549 ne

506 2608 604 2671 dicam
628 2610 719 2669 unice
740 2608 880 2688 spectavi
903 2605 1075 2686 consilium,
1100 2606 1242 2687 plurimis
1259 2609 1315 2670 VV.
1332 2611 1392 2671 DD.
1407 2610 1487 2673 haud

507 2734 714 2815 improbatum
731 2729 774 2811 ³),
798 2733 918 2792 irritum
934 2731 1029 2791 fieret.
1065 2732 1213 2812 Legeram
1230 2730 1309 2790 enim
1324 2731 1486 2813 aliquando

504 2860 558 2924 m.
583 2862 619 2925 Α.
650 2861 760 2943 Wolfii
790 2858 955 2939 Analecta,
993 2856 1160 2920 incideram
1195 2856 1224 2916 in
1258 2854 1359 2915 locum
1391 2857 1483 2934 illum,

504 2984 573 3062 ubi,
607 2985 810 3059 Maecenatis
832 2982 988 3042 mentione
1013 2979 1136 3057 oborta,
1168 2980 1256 3039 vitam
1280 2975 1415 3038 hominis
1442 2988 1485 3040 at-

470 3163 474 3171 .
503 3125 565 3186 que
587 3078 827 3187 fragmentorum
850 3122 932 3184 quae
955 3103 1062 3165 dicunt
1083 3103 1292 3164 collectionem
1313 3096 1484 3162 desiderari

501 3227 574 3289 dicit
589 3228 626 3305 ⁴).
679 3230 786 3290 Statim
819 3227 1005 3305 ejuscemodi
1037 3228 1108 3286 mihi
1141 3226 1255 3304 placuit
1284 3226 1481 3306 propositum.

553 3510 579 3574 l)
616 3510 652 3562 Ci.
674 3511 708 3562 ad
728 3524 798 3576 quos
816 3476 935 3576 ablepavi
954 3511 1018 3577 pl.
1043 3517 1098 3562 uot.
1112 3511 1136 3563 2.
1152 3512 1195 3565 sm.
1217 3530 1241 3580 p.
1256 3516 1280 3568 4,
1303 3523 1356 3569 nol.
1370 3517 1395 3568 2.
1416 3533 1441 3584 p.
1455 3518 1477 3567 7.

499 3607 553 3653 not.
566 3600 591 3652 2.
617 3616 643 3666 p.
659 3601 700 3652 13.
720 3606 775 3652 not.
789 3601 814 3653 6.
835 3603 867 3652 al.
964 3618 967 3623 ·
1320 3622 1324 3630 ·

549 3733 578 3799 ⁴2)
616 3735 672 3787 Vid.
692 3735 813 3801 inprimis
831 3751 857 3801 p.
875 3736 913 3787 17.
935 3742 960 3787 el
979 3735 1050 3787 allbl.

548 3864 577 3927 3)
614 3865 669 3917 rid.
693 3863 755 3917 Cirr.
771 3863 842 3915 Dan.
857 3863 943 3922 Beck,
973 3864 1115 3932 llepertor.
1137 3867 1163 3918 d.
1179 3866 1295 3919 Literct.
1310 3864 1386 3916 1824.
1407 3870 1436 3919 T.
1447 3871 1477 3919 Il.

495 3965 521 4016 p.
538 3951 595 4003 197.
622 3953 723 4006 Moser
742 3956 771 4005 V.
793 3955 828 4005 Cl.
851 3953 877 4005 ln
900 3953 1021 4006 Heidelb.
1036 3953 1151 4008 Jntrot.
1173 3958 1248 4010 1825.
1268 3971 1295 4022 p.
1308 3953 1358 4007 sm
1370 3969 1431 4022 sqq.
1445 3960 1477 4010 al.

548 4076 577 4141 4)
612 4079 740 4143 „Etenim,
760 4081 795 4133 all
807 4077 1188 4144 (Litteras-iardezlncleltten
1207 4086 1236 4137 V.
1247 4088 1269 4138 l.
1290 4084 1412 4151 peon),
1431 4102 1479 4155 pa·

494 4182 554 4219 rum
573 4174 672 4223 norunt
688 4171 879 4230 Maecenatem,
905 4173 950 4236 qui
967 4186 1028 4223 eum
1047 4186 1079 4223 ex
1098 4174 1263 4239 compendiis
1285 4175 1420 4228 literarum
1439 4178 1478 4228 hi·

492 4259 597 4313 storicis
615 4267 727 4324 norunt,
747 4266 776 4312 ut
794 4260 924 4312 Harlesii
942 4262 1098 4324 (introduct.
1116 4265 1142 4314 in
1161 4263 1252 4313 histor.
1273 4260 1348 4313 Liter.
1364 4265 1473 4317 Roman.

492 4346 521 4397 Τ.
534 4346 560 4399 2.
587 4364 613 4414 p.
627 4348 678 4403 336
690 4349 763 4414 sqq.)
789 4349 835 4414 qul
858 4364 891 4401 ue
910 4351 1028 4402 Senecae
1047 4352 1153 4417 quidem
1174 4348 1274 4412 judicie
1293 4352 1390 4416 attulit,
1414 4354 1476 4406 alla·

491 4449 544 4500 que
564 4439 670 4501 errant,
695 4453 765 4503 quae
783 4440 843 4491 olim
863 4440 945 4493 docto
965 4441 1126 4495 adolesceml
1144 4440 1247 4493 tacitam
1266 4441 1400 4495 scribendi
1419 4456 1476 4495 ma-
