3484 5600
599 437 909 502 unncnnnnsus.
1205 440 1248 504 rs
1354 518 1357 525 ¹

261 626 351 686 cium
372 623 498 702 comis,
527 622 747 685 Maecenatem
767 620 898 683 deliciis
916 627 1099 701 provocant
1111 618 1149 699 ¹).
1193 622 1246 685 Et:

262 708 454 774 Feliciorem
477 704 629 787 (Regulo)
651 724 729 787 ergo
754 712 789 767 tu
810 707 1030 768 Maecenatem
1049 712 1167 788 putas,
1194 709 1249 771 cui

262 789 431 855 amoribus
452 793 569 871 annio,
604 795 637 851 et
661 809 808 854 morosae
835 791 951 853 uxoris
979 788 1177 871 quotidiano
1201 810 1249 853 re·

258 876 370 958 puelia
391 875 541 958 deflenti,
573 891 704 937 somnus
724 894 786 955 per
811 873 1078 955 symphoniarum
1103 879 1248 949 contum,

262 981 303 1023 ex
325 962 503 1043 longinquo
526 960 593 1023 lene
614 961 849 1038 resonantium,
879 959 1071 1039 quaeritur?
1105 958 1198 1026 Mero
1217 978 1251 1021 se

264 1045 343 1108 licet
360 1047 488 1126 sopiat,
511 1051 544 1107 et
562 1064 723 1125 uquarum
742 1042 937 1125 fragoribus
959 1047 1086 1117 auocet,
1110 1048 1143 1104 et
1160 1042 1251 1105 mille

263 1128 488 1210 voluptatibus
517 1134 649 1191 mentem
681 1130 815 1191 anxiam
844 1127 965 1208 fallat:
1001 1134 1067 1189 tam
1094 1124 1253 1208 vigilabit

264 1218 300 1277 in
326 1216 460 1295 pluma,
498 1231 597 1294 quam
626 1213 684 1274 ille
710 1214 744 1275 in
771 1230 875 1274 cruce.
921 1208 987 1273 set
1013 1211 1069 1273 illi
1093 1212 1250 1274 solatium

263 1304 329 1373 est,
361 1317 425 1379 pro
459 1298 588 1360 bonesto
619 1294 705 1358 eluro
734 1297 891 1370 tolerare,
928 1300 958 1356 et
990 1294 1037 1357 ael
1069 1314 1202 1359 causam
1229 1314 1251 1359 u

258 1385 427 1463 patientia
448 1383 599 1462 respicit:
633 1380 717 1442 bunc
738 1377 962 1461 voluptatibus
983 1380 1183 1455 marcidum,
1220 1385 1253 1442 et

261 1467 428 1546 felicitate
447 1467 551 1527 nimio
574 1462 788 1538 laborantem,
811 1467 921 1545 magis
943 1462 995 1526 tos
1018 1483 1101 1545 quoe
1118 1466 1252 1544 potitur

262 1553 365 1613 vexat
387 1567 489 1611 causo
505 1547 669 1629 potiendi.
704 1550 776 1612 Non
789 1567 891 1629 usque
907 1566 942 1609 eo
965 1550 999 1610 in
1015 1550 1250 1628 possessionem

261 1635 395 1715 generis
421 1633 556 1695 bonnoni
583 1636 667 1695 vitia
692 1638 859 1706 venerunt,
891 1637 930 1693 ut
954 1629 1086 1695 clabiam
1114 1635 1173 1707 sit,
1208 1652 1252 1695 on

262 1720 417 1781 electione
437 1717 507 1797 fati
528 1716 620 1790 data,
640 1718 754 1797 plures
775 1716 896 1797 Reguli
915 1719 1022 1793 nasci,
1047 1735 1143 1797 quam
1160 1717 1249 1780 Moe·

263 1806 391 1865 cenatos
412 1802 523 1863 uelint.
569 1802 636 1863 Aut
660 1804 692 1864 si
719 1803 793 1882 quis
818 1799 936 1880 fuerit,
968 1802 1027 1881 qui
1053 1798 1175 1862 audeat
1200 1796 1278 1863 ti!
1330 1881 1332 1885 Ι

264 1905 350 1958 cere,
373 1887 593 1948 Maecenatem
614 1905 648 1947 se
667 1905 765 1966 quam
779 1884 940 1965 Regulum
961 1885 1056 1947 nosci
1076 1885 1249 1948 maluisse:

264 1969 350 2033 illem
371 1972 443 2048 iste,
468 1976 576 2033 taceat
597 1970 686 2045 licet,
709 1972 805 2032 nosci
824 1988 859 2032 se
873 1970 1055 2031 Terentiam
1073 1969 1194 2031 maluit
1207 1968 1248 2046 ²).

263 2054 423 2133 Supinum
439 2053 467 2131 3)
490 2052 564 2114 dicit
584 2053 756 2130 luvenalis,
780 2059 811 2113 et
834 2059 974 2115 tenerum
990 2050 1028 2129 ⁴).
1074 2053 1149 2113 llino
1167 2051 1250 2113 obri-

264 2138 404 2197 ositotem
427 2140 454 2198 ei
476 2136 693 2217 opprobrant„
721 2137 822 2217 Atque
841 2136 924 2217 apud
935 2137 1119 2211 Petronium
1134 2134 1162 2211 ⁵)
1185 2135 1251 2194 Tri·

264 2221 410 2298 malchio,
445 2222 538 2282 homo
567 2222 727 2301 ebriosus,
755 2219 1038 2285 Maecenatianum
1067 2237 1102 2280 so
1131 2235 1251 2280 nuncu·

262 2311 317 2384 pat
332 2303 370 2381 ⁶).
413 2307 555 2367 Horatius
578 2326 702 2387 quoque
731 2324 801 2366 eum
825 2308 941 2385 optimo
972 2305 1042 2365 vina
1072 2305 1102 2363 in
1131 2301 1251 2365 deliciis

263 2388 414 2450 babuisse
437 2391 535 2451 innuit
549 2388 586 2466 ⁷).
621 2391 817 2453 Adulterium
840 2390 953 2452 iecisse
975 2389 1086 2451 dicitur
1100 2390 1138 2467 8).
1174 2388 1251 2449 Cum

321 2554 349 2618 l)
386 2555 466 2620 Epist.
488 2555 549 2618 120,
567 2556 610 2613 20.

315 2642 345 2706 2)
382 2645 420 2695 Do
438 2645 542 2696 Provid.
564 2659 587 2697 c.
609 2644 637 2707 3,
656 2645 682 2697 9.
719 2645 791 2696 Alios
810 2647 886 2697 locos
905 2659 930 2696 ν.
948 2645 1006 2696 inlr.
1090 2670 1092 2673 ·

314 2732 345 2796 3)
381 2734 476 2783 Juven.
497 2734 550 2784 Sat.
571 2734 600 2793 l,
617 2733 659 2785 66.
689 2735 793 2786 Mollem
812 2734 1050 2799 rodelianum.
1071 2734 1189 2787 otiosum
1208 2749 1253 2787 ex»

263 2802 376 2867 plicant3
400 2817 425 2853 v.
447 2803 725 2864 Burunonuintit.
746 2805 899 2868 10,2‚17.
936 2807 996 2857 Atii:
1024 2806 1131 2857 tardum
1156 2811 1182 2858 ot
1206 2821 1253 2859 ne-

264 2872 416 2936 gligentem,
440 2873 487 2936 qui
506 2887 620 2925 securus
645 2874 724 2939 qussi
745 2881 819 2940 tergo
837 2876 918 2938 jacet.
957 2876 990 2928 ol.
1015 2876 1119 2940 Weber
1142 2890 1169 2939 p.
1191 2874 1250 2927 125.

265 2940 375 2992 Fronie
393 2943 461 2992 Fasti
478 2943 542 2994 Hor.
564 2957 590 3008 p.
604 2943 638 2994 85
649 2956 710 3009 sqq.

315 3029 346 3092 4)
380 3031 474 3082 Juvcn.
494 3031 669 3092 sat.1t,39.
723 3032 831 3083 Vestem
856 3031 1032 3098 Purpuream
1057 3031 1164 3083 teneris
1186 3047 1253 3100 quo·

264 3114 315 3165 que
324 3098 539 3152 Maecenatibus
558 3107 663 3168 aptam.
692 3102 725 3152 ol.
755 3099 906 3154 Weicbert.
927 3117 954 3168 p.
967 3102 1026 3154 luo.
1053 3101 1119 3152 nod.
1140 3103 1251 3154 Martini.

264 3168 352 3234 Epigr.
372 3169 417 3232 18,
434 3168 490 3221 73.;
523 3170 629 3238 Topos,
658 3169 717 3223 Qua
736 3186 790 3221 non
809 3169 976 3234 Fabricius,
1007 3170 1057 3235 sed
1081 3169 1161 3223 uellet
1180 3173 1252 3239 Api·

264 3237 401 3302 siusuli,
425 3236 517 3290 Vellet
535 3239 705 3303 Maecenas,
736 3238 925 3292 Caesarianus
944 3255 1032 3308 eques.

318 3327 346 3388 ὅ)
383 3341 407 3378 c.
428 3329 470 3380 81.

316 3414 344 3479 6)
379 3417 412 3465 V.
432 3421 520 3466 tamen
543 3416 628 3481 intpp.
648 3418 753 3469 Peteon.
776 3431 803 3482 p.
820 3416 882 3469 463.
913 3416 955 3468 ed.
982 3416 1096 3477 Burm.‚
1125 3417 1173 3482 qui
1195 3413 1254 3484 quiq

263 3483 326 3534 dem
343 3483 374 3533 V.
396 3486 426 3536 l).
447 3486 667 3537 tulmalchionom
691 3502 801 3537 servum
831 3488 893 3538 olim
918 3486 1078 3538 Maecenatis
1100 3485 1184 3534 tuisse
1204 3497 1255 3549 po·

263 3566 328 3604 noro
345 3553 470 3616 malebat,
498 3569 588 3620 qnom-
598 3557 768 3607 imitatorem.
807 3555 900 3622 lipper
924 3571 951 3622 p.
969 3554 1029 3606 467.
1055 3568 1077 3605 s.
1100 3567 1127 3605 v,
1150 3553 1255 3605 Mason-

263 3623 364 3740 qrntiun.
382 3651 438 3744 4-39
455 3624 551 3676 Contra
575 3627 605 3675 N.
631 3625 730 3677 lirino.
766 3625 824 3677 Vid.
851 3622 1003 3677 Weicbert.
1022 3625 1106 3675 Poott.
1126 3623 1182 3676 Lot.
1205 3625 1254 3676 llo-

272 3704 309 3755 1q.
336 3706 363 3757 p.
437 3732 444 3744 .

318 3781 346 3845 7)
364 3783 471 3839 Horat.
492 3769 578 3833 Curru.
598 3783 624 3844 1,
640 3780 684 3833 20.
722 3781 925 3849 Gundlingiuna,
949 3793 972 3830 s.
993 3776 1154 3846 Sammlonp
1173 3777 1252 3830 ‹leul-

264 3847 347 3900 sober
371 3850 512 3914 Sobritten
537 3852 578 3903 od.
603 3850 708 3903 Slollen
726 3867 754 3917 p.
773 3851 825 3903 489
841 3866 902 3917 sqq.
929 3848 975 3900 ubi
998 3850 1092 3915 legitur
1116 3861 1254 3901 common-

263 3919 339 3972 totio:
377 3918 417 3970 Ob
436 3922 575 3972 Micenao
593 3921 639 3972 ein
661 3920 854 3971 'l’runllenbolrl
872 3919 1013 3985 pcnesen?
1233 3941 1236 3945 ·

316 4009 345 4072 8)
381 4011 513 4063 Plutarch.
531 3995 691 4079 Ἐρωτικζο.
708 4009 749 4060 16.
768 4010 799 4060 V.
813 4008 839 4060 4.
859 4023 886 4074 p.
901 4007 962 4061 488.
983 4007 1025 4059 nd.
1040 4007 1152 4056 Sternat.
1179 3997 1252 4054 11⁰2-

263 4076 305 4126 λοὶ
323 4074 375 4148 γὰρ
394 4076 552 4149 cippoicor'ur
568 4078 665 4148 ἑτέροις
682 4074 866 4144 lnomoirnour,
887 4073 918 4127 ob
936 4073 1014 4137 μόνον
1032 4071 1162 4146 ἑταίραις,
1178 4069 1252 4124 ’ἀλλὰ
