3484 5600
217 925 218 934 ἵ
596 839 909 902 MAECENATIANA.
1207 845 1246 905 tt

217 975 222 1104 ἰ
322 1030 352 1089 «t.
399 1022 582 1100 authologIa
605 1027 700 1080 veter.
716 1020 848 1079 Latiuor.
864 1020 1054 1099 Epigramm.
1069 1029 1100 1084 et
1113 1025 1247 1088 Poemat.

217 1111 220 1164 t
244 1109 322 1171 tib.
338 1111 374 1170 II.
395 1108 453 1187 Ep.
469 1106 620 1167 CCXXIV.
644 1104 676 1163 V.
692 1105 714 1163 1.
736 1124 767 1184 p.
785 1106 846 1166 412
858 1122 927 1183 sqq.
958 1104 1006 1165 ed.
1030 1106 1205 1172 Burmann.
1224 1114 1249 1187 Ι)

217 1213 220 1276 ,-
323 1193 391 1271 υΑᾱ
408 1194 443 1264 Q.
459 1190 617 1250 Horatium
634 1187 775 1247 Flaccum
792 1188 824 1248 C.
841 1190 999 1249 Maecenas
1016 1190 1131 1254 Cilnius
1146 1194 1250 1274 Eques

262 1281 426 1341 Romanus.
806 1303 810 1309 ·

411 1360 554 1439 Lugent,
579 1374 597 1418 o
619 1374 691 1417 rnen
712 1356 803 1424 vila,
827 1359 856 1416 te
877 1356 1091 1440 zmaragdus,

412 1442 564 1523 Beryllas
586 1458 729 1521 qaoque,
753 1439 885 1513 Flacce,
912 1460 968 1502 nee
990 1445 1125 1507 nitentes

412 1529 536 1607 Nuper,
561 1521 708 1587 candida
729 1525 933 1603 margarita,
957 1545 1087 1605 quaero,

414 1613 494 1684 Nee,
519 1626 600 1692 quoa
625 1607 768 1687 Tlpne'ca
793 1607 872 1669 tiara
890 1610 1071 1688 perpolivit

413 1695 560 1768 Anelloa,
582 1711 639 1754 nec
661 1692 786 1771 iaspios
809 1690 945 1771 lapillos
959 1690 1027 1767 ²).“

264 1875 356 1925 cirrum
377 1886 468 1933 suum,
495 1870 603 1923 Horatio
621 1871 698 1922 etiam
718 1874 824 1930 uotum,
843 1872 890 1935 qui
903 1873 1024 1933 iumento
1042 1886 1137 1936 parum
1158 1880 1251 1927 curato

265 1946 323 2006 eius
348 1942 428 1993 aedos
452 1940 546 1992 crebro
569 1939 827 2005 praetervehebetur.
864 1941 916 1991 Sed
934 1941 1000 1992 haec
1018 1942 1095 1993 nimis
1114 1946 1189 2008 longe
1208 1959 1254 2009 pe-

263 2014 310 2063 tita
329 2012 455 2063 videnlur
469 2009 636 2060 Burmanno.
650 2008 759 2060 ‚Nimio
774 2010 814 2058 vel
827 2006 919 2059 Mimo
938 2011 1031 2075 legitur
1048 2011 1075 2061 in
1095 2013 1166 2064 editt.
1181 2028 1254 2065 men-

264 2082 347 2133 dosis.
390 2079 497 2132 Ninnio
522 2093 571 2143 pro
596 2076 707 2130 hinnulo
732 2077 803 2129 dedit
826 2076 972 2144 Pitlroeaa,
1003 2079 1106 2132 Minna
1133 2083 1252 2148 Barata,

265 2148 346 2202 Malo
365 2150 482 2215 Banmp.
504 2147 585 2199 Creu.
624 2148 717 2197 Ht'nno
741 2162 785 2197 nne
809 2145 866 2199 aid.
894 2148 976 2216 strip.
1001 2150 1104 2203 exhibet
1124 2153 1253 2216 Maeeon,

264 2220 288 2269 iu
308 2221 363 2269 m'tu
381 2220 443 2269 Hor.
469 2233 495 2283 p.
513 2217 573 2269 368.
613 2215 733 2273 Hinnio,
757 2219 797 2267 vel
824 2216 927 2269 Ginaia
951 2224 997 2269 aul
1018 2219 1108 2272 Giano
1132 2238 1174 2272 me
1198 2222 1254 2273 oid.

265 2289 344 2355 strip.
364 2290 514 2350 conjecerat
533 2284 675 2337 Heinsius.
713 2284 739 2331 Γ
738 2284 814 2335 tem
832 2284 859 2348 (a
877 2286 971 2351 plenae)
995 2293 1036 2341 est
1052 2289 1142 2342 brevis
1164 2293 1253 2343 mulus

267 2363 310 2409 aut
327 2370 454 2418 mannus,
476 2357 533 2407 sive
550 2368 637 2419 aquus
655 2355 784 2419 pumilus;
811 2370 836 2405 v.
862 2371 932 2420 quos
955 2359 1078 2411 excitavit
1098 2358 1252 2411 Burmann.

265 2428 330 2480 Iud.
357 2424 577 2491 Venderdourp,
608 2423 679 2474 Odea
703 2423 857 2476 tl'Horace
886 2428 914 2477 T.
936 2429 953 2478 l.
980 2443 1006 2492 p.
1027 2429 1124 2479 XLVIII
1143 2435 1169 2481 el
1191 2430 1251 2480 LIII.

266 2502 318 2549 not.
338 2497 364 2549 6,
389 2523 417 2532 -
461 2494 565 2544 Weber
582 2507 608 2557 p.
626 2492 685 2544 184.
713 2494 880 2559 Epigramma
899 2496 938 2545 sie
956 2498 1099 2547 transtulit:

391 2564 520 2631 Mdpeat,
540 2561 604 2613 tteo’
620 2560 680 2625 iel,
699 2563 812 2627 Hornz,
831 2562 935 2615 dereits
955 2561 1020 2616 dicit
1037 2562 1115 2616 neela
1133 2564 1219 2629 nictit,

395 2632 450 2684 Ala
469 2631 543 2683 mein
561 2631 638 2697 eipen
661 2630 795 2694 Gelroae,
817 2632 854 2682 ‹ln
872 2631 925 2684 den
945 2632 1102 2702 campanen

396 2700 475 2753 Seit’n
494 2699 687 2766 darrteckiyer
705 2700 749 2751 ale
768 2701 813 2753 ein
833 2702 935 2755 detraes
954 2702 1118 2756 Maaltltier.

244 2799 246 2805 '
318 2793 346 2856 1)
384 2791 417 2844 ci.
437 2791 540 2841 anthol.
560 2790 648 2859 Veter.
670 2790 736 2840 Latt.
757 2789 843 2856 Epigr.
866 2795 891 2842 el
913 2792 1003 2843 Poem.
1030 2791 1071 2842 ed.
1094 2792 1127 2842 H.
1145 2791 1253 2859 Meyer.

268 2863 344 2916 1835.
365 2862 410 2925 qui
428 2860 494 2911 liber
511 2860 575 2910 mihi
593 2864 700 2924 praesto
718 2874 772 2910 nou
791 2864 855 2911 erat.
879 2859 967 2911 Boin.
988 2863 1004 2911 Ι.
1018 2862 1034 2912 I.
1056 2863 1113 2912 Vol.
1121 2864 1142 2914 1.
1157 2876 1183 2925 p.
1192 2862 1253 2913 498.

267 2930 394 2988 Areoal„
413 2930 491 2981 codd.
511 2933 633 2991 secutus,
651 2930 686 2979 ita
707 2929 800 2990 edidit,
820 2929 898 2993 quasi
910 2928 1020 2990 Flacci,
1039 2944 1093 2979 non
1105 2929 1254 2981 Maecena·

267 3003 304 3052 tia
316 3004 412 3054 esseut
429 3012 531 3051 versus.
571 2999 603 3048 cl.
631 2997 816 3049 Walcllenaer
834 3000 862 3049 T.
879 3001 908 3050 ΙΙ.
928 2998 1075 3065 petilian.

317 3090 346 3153 2)
384 3089 461 3154 Apud
478 3087 610 3138 Isidorum
633 3087 702 3150 Orig.
723 3087 767 3137 tib.
787 3087 853 3148 XIII,
872 3086 917 3150 32,
936 3088 961 3139 6.
988 3086 1192 3138 mendosissIme
1211 3100 1256 3137 en-

266 3164 337 3211 stant
356 3159 383 3208 hi
401 3171 504 3220 versus,
521 3157 664 3221 prolixiore
683 3169 748 3206 cura
766 3156 849 3221 dIgni,
869 3161 922 3207 tum
943 3158 969 3208 iu
988 3157 1102 3209 editione
1126 3155 1256 3210 Vulcanii

268 3244 347 3294 quam
372 3225 552 3291 Gotlrosredi,
576 3227 629 3276 hoc
647 3226 740 3276 modo:

398 3298 512 3361 Lugeute
528 3309 588 3346 meu
606 3296 660 3344 vila
679 3308 729 3345 nec
746 3296 903 3360 smaragdos

396 3367 561 3429 Beritlosque
578 3364 614 3415 mi
632 3365 735 3424 Flacca,
761 3379 811 3416 nec
830 3366 941 3418 nitentes
1045 3406 1049 3413 .

398 3436 447 3486 Per
466 3435 579 3486 eandida
598 3435 754 3497 mergentes
772 3448 881 3498 quaero,

362 3520 365 3525 ·
398 3505 452 3556 Nec
471 3504 604 3556 corliualis
623 3518 666 3554 me
684 3503 827 3568 perpolibit

399 3575 511 3633 Anulus,
536 3588 585 3625 nec
602 3573 706 3638 Iaspius
726 3573 844 3637 capillus·

269 3644 414 3710 inquibus
433 3643 562 3704 numeris,
587 3656 650 3694 vere
667 3642 824 3703 Innumeris,
847 3656 930 3707 quum
955 3657 1043 3707 neque
1065 3657 1161 3696 sensus
1180 3645 1256 3702 ullus,

268 3729 356 3780 neque
373 3727 422 3778 pes
442 3716 489 3762 aut
506 3715 587 3777 capul
605 3715 738 3773 constent,
763 3712 872 3774 mitum,
901 3718 1029 3775 quantum
1054 3728 1152 3778 operae
1175 3726 1257 3776 posu-

269 3786 335 3835 erint
353 3783 404 3833 viri
422 3781 517 3832 eruditi
535 3783 561 3832 iu
580 3781 757 3846 perpoliendis
773 3786 827 3831 tam
839 3783 933 3845 paucis
944 3782 1079 3844 versibus,
1098 3787 1169 3833 tanta
1183 3794 1258 3829 men-

269 3855 367 3904 dorum
392 3851 504 3902 colluvie
528 3850 629 3902 obsilis.
665 3853 694 3900 ln
718 3851 903 3915 antIquissimo
928 3853 1021 3902 Isidori
1045 3851 1138 3902 codiee
1162 3848 1258 3898 otono-

269 3924 365 3974 thecae
383 3921 529 3982 Leideusis,
557 3921 601 3972 cui
624 3925 759 3972 vetustum
783 3919 953 3982 subjungitur
971 3920 1145 3979 Glossarium,
1168 3918 1203 3969 lta
1221 3919 1257 3967 le-

270 3992 411 4056 gabantur:

400 4061 514 4110 Lucante
531 4073 590 4111 mee
610 4057 663 4107 vita
682 4071 733 4108 uec
751 4056 908 4120 smaragdos

399 4131 571 4192 Beryllosque
588 4128 626 4177 mi
644 4127 735 4177 flacce
753 4139 804 4176 nec
820 4126 933 4177 nitentes

399 4197 563 4248 Percandida
581 4196 721 4260 margarita
741 4209 842 4260 quaero

401 4269 455 4319 Nee
474 4280 543 4331 quos
562 4267 642 4317 tioiea
660 4266 722 4315 ltma
743 4265 884 4330 perpotimt

295 4394 302 4407 .
401 4337 517 4398 Anetlos,
540 4349 591 4388 nec
607 4335 710 4399 laspIos
728 4335 839 4400 lapillos.

274 4405 339 4457 Lad.
361 4404 504 4457 Dorienne
523 4405 556 4455 ad
575 4407 637 4455 Iac.
658 4405 751 4454 annai.
770 4419 798 4468 p.
813 4401 877 4455 538:

402 4476 505 4541 iugens
524 4481 560 4537 te,
579 4487 638 4525 mea
657 4473 722 4534 vila,
744 4487 794 4525 uec
813 4469 976 4534 smaragdos,
