3484 5600
388 809 429 870 66
722 803 1035 865 ΜΑΕΟΕΝΑΤΙΑΝΑ.

385 990 476 1066 mma,
500 984 611 1047 studiis
623 1002 734 1065 parurn
748 982 870 1061 idonea,
893 984 1008 1046 defensi
1023 994 1108 1062 sunt,
1132 989 1267 1069 quique,
1290 999 1366 1069 grato

385 1073 489 1136 animo
519 1070 682 1148 commoti,
720 1068 926 1149 pulcherrima
958 1072 1016 1130 ista
1047 1078 1141 1150 atquc
1173 1076 1366 1150 praestantis·

387 1158 465 1218 sima
488 1154 644 1232 carmina,
672 1152 785 1233 quibus
815 1152 950 1232 quotidie
981 1172 1100 1216 summa
1127 1156 1288 1236 voluptate
1309 1159 1365 1219 alli·

387 1241 499 1316 cimur,
529 1245 769 1318 composuerunt
786 1240 820 1315 ¹).
864 1238 949 1298 Alios
973 1240 1066 1300 ctiam
1089 1258 1281 1320 magnopere
1301 1260 1364 1321 pro·

388 1325 497 1400 movit,
519 1321 654 1400 nihilque
678 1339 739 1381 non
762 1323 848 1400 tecit,
874 1328 906 1382 ut
928 1324 1021 1383 vitam
1043 1342 1151 1385 eorum
1175 1325 1364 1386 commodam

388 1406 531 1468 redderet
545 1408 582 1485 ²).
625 1406 732 1466 Mirum
749 1411 862 1485 lamen,
886 1424 989 1485 neque
1005 1406 1159 1469 Tibullum
1179 1426 1285 1488 neque
1301 1410 1364 1471 Ovi·

387 1491 487 1567 dium,
514 1490 702 1551 clarissimos
726 1492 793 1569 ejus
816 1493 1007 1569 tempestatis
1031 1498 1154 1568 poetas,
1183 1494 1365 1554 mentionem

387 1576 570 1636 Maecenatis
593 1574 710 1649 iacere3
749 1575 800 1653 qui
828 1574 963 1634 tortasse
984 1577 1148 1636 Maecenati
1179 1576 1292 1655 ignoti,
1316 1583 1365 1638 ne·
1397 1601 1402 1619 ·

387 1678 449 1740 que
472 1657 511 1719 ab
534 1676 571 1719 eo
595 1656 704 1736 adjuti,
734 1676 795 1719 non
825 1656 1000 1736 habebant,
1030 1677 1126 1737 quare
1155 1658 1365 1737 laudarent).

387 1745 421 1804 ln
445 1759 556 1804 causas
586 1760 658 1803 vero
686 1742 713 1803 si
739 1743 948 1822 inquisiveris,
983 1760 1079 1823 quare
1110 1745 1211 1823 poetis
1240 1745 1365 1806 maxime

387 1835 547 1908 tantopere
574 1827 686 1887 faverit
708 1827 880 1904 lllaecenas3
911 1845 966 1887 eae
989 1826 1113 1907 quidem
1146 1828 1237 1889 tacite
1261 1828 1365 1889 obviae

386 1912 470 1973 liunt.
515 1912 585 1991 lpse
598 1912 760 1971 Maecenas
783 1910 920 1971 cruditus
943 1918 1023 1989 erat,
1051 1912 1104 1990 qui
1128 1913 1247 1973 musico
1270 1913 1365 1974 studio

386 2013 589 2076 peromnem
619 1997 709 2055 vitam
734 1993 873 2073 deditus,
909 1996 977 2056 licet
1000 1996 1128 2074 nogotiis
1160 1995 1319 2059 districtus
1340 2004 1366 2057 et

386 2079 658 2157 occupatissimus,
688 2080 756 2158 ipsc
786 2080 924 2140 carmina
955 2078 1101 2158 iaciebat,
1132 2088 1227 2160 atque
1259 2080 1366 2143 edebat

385 2161 480 2223 multa
508 2168 539 2222 et
570 2162 748 2241 artificiosa,
787 2164 818 2222 in
848 2164 963 2242 quibus
996 2182 1065 2223 cum
1095 2166 1201 2244 paucis
1231 2165 1365 2244 ejusdem

385 2248 454 2309 aevi
477 2248 576 2326 poetis
599 2245 771 2307 dilliciliora
794 2255 892 2308 metra
918 2254 1098 2309 tentaverat.
1148 2249 1226 2309 Dein
1253 2249 1364 2312 valetu-

386 2332 457 2393 dine
479 2332 581 2395 mlnus
604 2331 766 2395 commoda
791 2353 880 2413 usus,
915 2341 1009 2415 atquc
1037 2331 1088 2395 olii
1110 2334 1364 2415 voluptatumque

385 2434 509 2496 amane,
545 2420 575 2478 in
605 2419 823 2494 lamiliaritatu,
864 2438 957 2499 quam
996 2437 1065 2481 cum
1101 2420 1202 2502 poetis
1239 2419 1365 2499 allisque

385 2502 589 2582 scriptoribus
610 2502 721 2580 inibat,
752 2502 895 2564 solatium
925 2501 1156 2583 quodammodo
1187 2509 1218 2563 et
1249 2521 1364 2565 recrea·

385 2587 497 2647 tionem
520 2586 664 2648 habebat.
709 2589 785 2648 llinc
807 2587 838 2646 in
860 2585 1030 2648 itineribus·
1044 2588 1133 2649 etiam
1155 2587 1240 2648 viros
1263 2588 1364 2649 doctos

386 2678 415 2731 el
443 2671 556 2732 amicos
586 2688 692 2731 secum
723 2671 811 2732 duxit
826 2671 865 2748 ⁴).
919 2670 966 2731 Ad
998 2671 1057 2731 hcc
1087 2671 1204 2751 gloriae
1235 2673 1263 2732 si
1295 2674 1366 2732 torto

384 2754 515 2835 cupidus
538 2761 621 2834 erat,
656 2762 817 2836 poetarum
841 2755 1029 2818 carminibus
1058 2775 1091 2817 se
1119 2755 1310 2819 celebratum
1332 2755 1365 2814 iri

384 2838 481 2920 probo
511 2839 661 2902 intellexit
675 2841 713 2917 ⁵).
768 2842 904 2902 Fuerunt
935 2848 1037 2902 autam
1072 2859 1134 2901 non
1168 2842 1273 2921 pauci,
1308 2840 1366 2919 qui,

437 3006 464 3069 l)
500 3020 525 3055 v.
545 3006 613 3057 vitas
632 3005 694 3056 Hor.
714 3003 741 3055 in
761 3003 801 3054 tus
825 3002 1010 3055 Walckenaer
1019 3005 1037 3053 1.
1060 3018 1086 3068 p.
1100 3002 1153 3056 200
1164 3017 1225 3069 sqq.
1253 3009 1280 3056 et
1298 3005 1365 3069 Virg.

383 3074 486 3125 Probus
505 3074 539 3124 ad
556 3076 627 3139 Virg.
648 3077 740 3138 Georg.
762 3073 790 3135 3,
809 3072 852 3125 aa.
878 3073 934 3124 Vol.
950 3073 980 3123 ΙΙ.
1000 3087 1027 3138 p.
1041 3072 1101 3125 367.
1123 3073 1164 3124 ed.
1187 3087 1263 3124 meae
1282 3075 1366 3125 Seru:

382 3157 497 3194 carmen
522 3148 631 3209 apreete
654 3142 822 3208 imperatam
847 3157 864 3192 a
887 3143 1057 3193 Maecenate.
1095 3143 1219 3194 Sidonius
1238 3145 1368 3208 Apollina-

381 3215 418 3264 ris
433 3215 461 3264 in
478 3214 561 3278 prael.
583 3213 736 3278 Panegyric.
759 3211 793 3262 ad
811 3213 897 3263 valer.
911 3212 1098 3274 Majorianurn:
1119 3212 1153 3263 lit
1172 3212 1234 3274 tibi,
1255 3211 1367 3273 Flacca,

382 3282 460 3333 acies
486 3282 571 3333 Bruti
595 3281 731 3349 Gnaeique
757 3286 883 3348 aequato,
913 3280 1060 3332 Carminis
1089 3287 1129 3332 est
1154 3287 1292 3344 auctor,
1321 3280 1368 3348 qai

381 3350 435 3414 tait
454 3356 479 3401 et
497 3351 603 3403 veniae.
639 3352 744 3417 intellig.
766 3350 926 3402 Maecenas.
946 3351 1051 3401 Martini.
1076 3352 1101 3411 l,
1122 3351 1183 3411 108,
1203 3350 1228 3402 3.
1249 3350 1274 3401 4.
1303 3349 1367 3403 Otia

381 3420 416 3472 da
436 3421 532 3478 nobie,
558 3419 609 3471 aed
632 3420 728 3486 qualia
750 3420 858 3483 fecerat
884 3419 952 3470 olim
972 3418 1124 3473 Maecenas
1145 3419 1246 3471 Flacco
1270 3418 1365 3486 Virpi-

382 3489 472 3556 lioqree
491 3505 550 3540 aaa.
568 3489 596 3551 8,
615 3489 659 3550 56,
677 3489 720 3542 23.
762 3489 838 3554 Erpa
857 3504 906 3539 ero
927 3487 1084 3554 Virpilins‚
1103 3487 1131 3539 ei
1150 3504 1266 3539 rainnero
1285 3488 1367 3539 Mae-

381 3558 490 3610 cenatis
507 3558 566 3611 Dea
585 3557 662 3610 nette.
685 3561 728 3620 ll,
747 3558 776 3618 4,
797 3559 838 3609 1⁰.
879 3557 913 3608 lit
933 3557 1122 3607 Maecenatem
1143 3557 1170 3608 si
1187 3555 1258 3608 mitri
1279 3558 1368 3608 Roma

380 3629 470 3679 daret.
492 3628 535 3690 12,
553 3627 624 3679 4..1.
644 3627 669 3678 2.
710 3627 787 3682 Quod
805 3627 921 3687 Flacca,
952 3625 1091 3692 Varioque
1115 3627 1184 3689 tait,
1209 3641 1368 3692 summaque

380 3697 512 3758 Maroni,
540 3698 701 3748 Maecenas.
746 3700 845 3748 Auctor
869 3695 956 3746 Carm.
982 3695 1016 3744 ad
1040 3696 1127 3746 Pison.
1152 3696 1204 3747 218
1219 3710 1278 3759 sqq.
1305 3695 1365 3759 (ap.

380 3766 543 3819 Wernsdort.
564 3768 593 3816 T.
607 3766 630 3817 4.
653 3782 679 3831 p.
693 3766 822 3830 iliani:
852 3765 915 3832 ipse
934 3770 983 3814 etc.
1011 3764 1157 3829 (Virgilius)
1182 3765 1313 3815 Forsitan
1336 3791 1366 3802 ·-

381 3837 495 3904 lanatus
512 3835 639 3899 papalis,
664 3835 690 3887 ai
709 3836 875 3887 Maecenate
894 3838 1019 3896 careret,
1050 3833 1104 3886 Qut
1121 3839 1210 3885 tamen
1229 3833 1369 3883 lauduni

378 3906 511 3968 patefecit
530 3905 630 3956 limina
649 3905 722 3966 nati,
742 3904 800 3956 Nec
818 3918 868 3954 aaa
887 3900 1011 3968 l't'rpilio
1027 3903 1158 3968 permisit
1171 3902 1283 3954 namitea
1299 3902 1366 3953 eali.

430 3994 458 4059 2)
495 3998 605 4049 Martial.
626 3999 653 4059 ⁷,
672 3997 717 4060 28,
737 3999 761 4051 7.
782 3998 819 4050 8.;
848 3996 881 4060 Et
902 3995 1064 4046 Maecenati
1083 3996 1171 4047 Maro
1190 4011 1248 4046 earn
1268 3999 1369 4045 canta-

378 4071 422 4114 ret
445 4064 568 4125 Alexim,
593 4073 658 4117 nota
678 4073 769 4118 tamen
789 4064 888 4117 Marci
904 4065 984 4127 fresca
1004 4062 1146 4116 Melaenis
1164 4070 1236 4116 erat.
1266 4066 1368 4116 Auctor

378 4134 466 4187 Germ.
487 4134 521 4185 ad
540 4134 626 4186 Pison.
647 4135 720 4188 atae
751 4135 905 4186 Maecenas
930 4133 1041 4200 tropico
1065 4133 1231 4201 quatientem
1256 4131 1368 4199 pulpita

376 4211 471 4256 caestu
496 4205 615 4271 (presan)
643 4205 739 4257 Euenit
766 4202 894 4255 Variani.
928 4203 959 4252 V.
986 4216 1069 4268 supra
1093 4208 1119 4256 ot
1145 4203 1238 4269 Lanpe
1261 4202 1365 4254 Vindio.

376 4272 451 4340 Trag.
472 4276 582 4325 Romen.
602 4288 628 4337 p.
642 4273 666 4323 5.

426 4361 454 4423 a)
494 4357 674 4424 lantonae,
695 4360 725 4411 v.
742 4361 764 4409 1.
785 4376 811 4426 p.
830 4359 887 4412 rao.
910 4385 938 4399 ·-
994 4360 1022 4424 4)
1038 4363 1132 4423 ,Ηοωι
1151 4361 1236 4415 sam.
1259 4362 1287 4422 1,
1303 4360 1327 4412 5.

427 4449 455 4512 s)
495 4447 663 4500 reatinae
685 4462 711 4513 ρ.
734 4447 784 4499 mo
803 4453 829 4501 a
846 4447 898 4501 aaa
916 4460 957 4512 sq.
