3484 5600
770 819 988 881 ΤΙΒΟΝΙΑΝΑ.
1348 825 1368 886 9

380 1002 535 1083 producta
561 1008 621 1080 est,
650 1007 680 1060 et
701 1000 729 1059 in
754 1017 791 1059 eo
814 999 925 1077 verbo,
954 999 1038 1079 quod
1062 1009 1109 1062 est
1130 999 1206 1081 ligo,
1228 1013 1367 1087 correpta

382 1095 448 1164 est,
475 1086 547 1147 nihil
570 1085 609 1148 ad
631 1103 697 1145 rem
719 1085 798 1145 istuc
821 1085 970 1169 pertinet;
1001 1103 1073 1147 nam
1096 1093 1153 1147 ete.
1171 1086 1208 1165 ¹).

471 1221 501 1280 l.
525 1222 554 1283 5.
599 1220 648 1282 De
670 1238 731 1282 usu
753 1224 851 1300 utque
871 1220 999 1281 renone
1020 1218 1156 1301 linguae
1176 1220 1316 1286 caenae
1330 1223 1368 1300 ²).

381 1304 435 1367 De
460 1306 565 1367 variis
592 1309 689 1386 utque
710 1304 911 1385 promiscuis
937 1302 1200 1384 quaestionibus,·
1237 1324 1369 1385 quorum

381 1386 533 1449 librorum
552 1396 676 1468 'partem
699 1387 839 1448 effecisse
863 1384 1007 1448 videntur
1029 1386 1211 1450 Pandectae.
1243 1391 1276 1451 V.
1295 1390 1369 1452 Gell.
1430 1413 1434 1422 ·

384 1475 439 1549 13,
463 1476 497 1549 9,
521 1474 550 1535 2.
580 1490 666 1552 supr.
689 1474 718 1535 3.
733 1492 763 1535 u.

469 1609 500 1669 a.
545 1602 718 1683 Epistulae
730 1604 771 1678 ³).

449 1711 481 1788 a)
508 1711 638 1774 Gellius
659 1711 755 1769 Noctt.
778 1708 838 1769 Att.
861 1712 895 1788 7,
917 1712 951 1785 3,
973 1716 1010 1775 8:

448 1798 525 1860 Tiro
551 1796 698 1869 Tullius,
728 1794 765 1855 hl.
790 1792 946 1854 Ciceronis
968 1793 1114 1875 tibertus,
1144 1814 1220 1857 sane
1242 1796 1368 1877 quidem

380 1881 442 1953 init
474 1880 598 1959 ingenio
628 1879 720 1938 homo
752 1876 898 1957 eleganti,
935 1886 966 1938 et
994 1878 1234 1960 haudquaquam
1266 1900 1370 1943 rerum

379 1964 607 2042 literarumque
632 1968 767 2023 veterum
793 1959 949 2022 indoctus:
983 1981 1083 2043 eoque
1108 1964 1148 2025 ab
1172 1967 1295 2026 ineunte
1318 1985 1369 2028 ae·

379 2055 443 2109 tate
466 2048 637 2107 liberaliter
659 2046 794 2105 instituto
817 2044 1071 2107 adminiculatore
1098 2055 1128 2107 et
1155 2050 1242 2127 quasi
1269 2048 1367 2109 admi-

378 2133 477 2192 nistro
501 2131 531 2191 in
555 2130 664 2191 studiis
692 2128 850 2189 literarum
875 2130 982 2189 Cicero
1006 2149 1081 2191 usus
1103 2137 1158 2192 est.
1207 2130 1270 2192 Sed
1293 2151 1366 2212 pro·
1414 2145 1417 2150 ·

379 2216 459 2277 lecto
482 2215 550 2295 plus
572 2232 667 2276 ausus
689 2221 750 2288 est,
778 2220 872 2293 quam
896 2220 928 2274 ut
950 2213 1073 2274 tolerari
1096 2216 1275 2295 ignoscique
1291 2234 1366 2295 pos·
1450 2217 1456 2224 ’

378 2303 429 2361 sit.
478 2302 616 2379 Namque
650 2297 838 2378 Epistulam
874 2298 1057 2378 conscripsit
1090 2299 1136 2363 ad
1165 2298 1205 2378 Q.
1237 2303 1365 2377 Axium,

379 2385 561 2445 familiarem
584 2382 707 2463 patroni
727 2382 793 2460 sui,
823 2380 1013 2444 confidenter
1036 2383 1126 2446 nimis
1150 2392 1179 2445 et
1201 2383 1313 2462 calide,
1333 2386 1366 2445 in

382 2487 445 2548 qua
470 2468 591 2528 sibimet
615 2468 700 2527 visus
722 2473 769 2526 est
792 2468 959 2528 orationem
983 2468 1072 2528 istam
1087 2467 1285 2547 (llcatonis)
1309 2486 1366 2547 pro

380 2552 612 2613 Rhodiensibus
629 2549 656 2628 ⁴)
679 2551 740 2612 acri
760 2548 928 2631 subtilique
952 2547 1083 2633 [ingenio
1101 2548 1141 2633 et]
1159 2550 1276 2630 judicio
1293 2569 1366 2632 par-

381 2637 552 2697 censuisse.
604 2637 651 2695 Ex
673 2654 709 2696 ea
730 2635 869 2715 Epistola
892 2634 1012 2697 libitum
1034 2637 1112 2697 torte
1134 2635 1224 2698 nobis
1248 2644 1295 2697 est
1318 2655 1366 2697 re·

379 2720 605 2802 prehensiones
636 2721 710 2799 ejus·
730 2718 882 2799 quasdam
911 2721 1072 2802 attingere:
1107 2723 1225 2802 majore
1252 2721 1367 2783 scilicet

380 2806 474 2866 venia
505 2805 725 2885 reprehensuri
749 2806 913 2879 Tironem,
946 2824 1039 2885 quam
1063 2825 1159 2886 quum
1188 2807 1238 2868 ille
1261 2824 1366 2886 repre·

377 2889 525 2951 henderit
541 2890 698 2950 Catonem.
740 2888 883 2968 Culpavit
903 2897 1006 2950 autem
1028 2891 1160 2972 primum
1183 2891 1257 2970 hoc,
1282 2889 1367 2972 quod

378 2977 455 3036 Cato
482 2972 634 3034 inerudite
658 2980 687 3032 et
710 2970 894 3054 ἀναγώγως,
917 2981 951 3034 ut
974 2975 1041 3054 ipse
1064 2976 1119 3052 ait,
1145 2976 1298 3056 principio
1320 2975 1366 3035 ni-

377 3056 439 3119 mis
461 3059 604 3120 insolenti
626 3059 779 3138 nimisque
796 3059 857 3129 acri
874 3057 1084 3138 objurgatorio
1100 3079 1175 3121 usus
1192 3061 1244 3132 sit;
1269 3078 1364 3139 quum

379 3143 484 3203 vereri
509 3161 579 3202 sese
603 3142 749 3221 ostendit,
778 3161 816 3202 ne
837 3142 958 3228 Patres,
992 3143 1105 3224 gaudio
1136 3153 1227 3225 atque
1250 3144 1363 3205 laetitia

376 3246 483 3288 rerum
508 3244 658 3306 prospere
680 3235 836 3307 gestarum
859 3225 899 3287 de
921 3233 1002 3288 statu
1026 3229 1136 3289 mentis
1160 3247 1235 3290 snae
1259 3227 1364 3287 datur-

377 3310 457 3387 bati,
480 3330 542 3371 non
567 3311 641 3372 satis
666 3312 877 3391 consiperent;
901 3312 1062 3391 nequead
1087 3321 1170 3374 recta
1192 3311 1363 3392 intelligen-

377 3395 451 3456 dum
483 3395 772 3476 consulendumque
806 3403 913 3456 esseut
943 3395 1057 3457 idonei.
1114 3400 1171 3474 „ln
1202 3398 1363 3478 principiis

376 3480 536 3558 „autem,“
568 3480 677 3560 inquit,
710 3481 867 3561 „patroni,
899 3480 952 3560 qui
978 3500 1033 3560 pro
1057 3483 1118 3543 reis
1143 3482 1262 3560 dicunt,
1290 3500 1362 3541 con-

378 3565 504 3641 „ciliare
525 3564 585 3625 sibi
615 3572 645 3624 et
667 3565 861 3644 complacare
884 3563 1005 3643 judices
1034 3565 1161 3627 debent:
1189 3584 1362 3645 sensusque

375 3667 503 3726 „eorum
537 3649 767 3728 exspectatione
800 3666 929 3710 caussae
964 3650 1135 3732 suspensos
1171 3650 1362 3731 rigentisqne

429 3867 455 3930 l)
492 3868 529 3917 Ex
547 3867 641 3918 iisdem
664 3868 779 3921 tortasse
800 3873 927 3922 nonnulla
951 3871 1048 3922 sumsit
1074 3869 1182 3921 Plinius
1204 3870 1261 3918 Not.
1287 3866 1362 3929 uiso,

375 3938 420 4001 qui
440 3938 510 3987 inter
528 3942 652 3989 auctores
670 3938 730 3989 librl
748 3942 860 3994 secundi
880 3946 1011 3992 memorat
1033 3941 1111 3992 etiam
1134 3937 1257 3990 Tullium
1278 3934 1360 3988 Tiro·

375 4022 452 4066 rrem3
479 4005 527 4057 sed
544 4006 580 4057 ibi
599 4008 658 4059 edd.
681 4013 743 4059 vett.
762 4011 897 4062 exhibent:
930 4010 1023 4061 'Petilio
1047 4009 1191 4060 Cicerone.
1220 4004 1260 4068 (v.
1283 4005 1361 4056 llor-

374 4075 457 4194 duin.¹
470 4078 503 4126 ad
522 4077 584 4126 Ptin.
605 4076 624 4128 l.
649 4079 677 4127 T.
697 4079 715 4129 1.
740 4093 766 4142 p.
786 4079 820 4132 36
839 4080 881 4133 od.
922 4078 1023 4132 Franz.
1047 4079 1108 4129 add.
1130 4075 1192 4128 Plln.
1213 4076 1299 4137 XVlll,
1315 4076 1357 4127 66.

421 4236 472 4359 36
488 4239 522 4290 cl.
551 4235 668 4301 heracla,
697 4237 908 4307 Sprecltpluiloa.
936 4242 986 4294 der
1012 4239 1113 4298 Altam
1133 4243 1216 4292 Bonn.
1238 4236 1313 4289 1838.
1339 4239 1357 4285 1.

373 4322 397 4370 p.
473 4346 480 4358 .

424 4401 453 4464 3)
490 4403 523 4452 cl.
548 4402 638 4467 lippet·
656 4403 672 4450 l.
693 4403 710 4452 1.
749 4401 832 4453 Klotz
851 4406 867 4455 l.
890 4406 904 4455 l.
928 4420 953 4470 p.
969 4404 1011 4457 91.

425 4487 452 4550 l)
491 4489 549 4540 viu.
569 4489 714 4540 Catoniana
733 4505 791 4542 mea
811 4508 836 4557 p.
851 4492 893 4544 25.
