3484 5600
767 816 985 878 TlRONlANA.
1325 824 1361 881 ll

375 1001 535 1085 „ripidae,
560 999 658 1080 quod,
682 1016 750 1059 cum
767 995 975 1077 Polyphontes
998 1013 1052 1055 rex
1075 1002 1239 1075 propterea
1261 1014 1296 1058 se
1316 998 1363 1059 in-

374 1088 558 1166 ‚,terleeisse
587 1084 711 1145 tratrem
741 1081 875 1160 diceret,
907 1078 991 1159 quod
1022 1080 1092 1160 ipse
1119 1087 1191 1141 ante
1221 1078 1260 1141 de
1290 1100 1365 1144 neee

375 1174 464 1251 „ejus
494 1168 654 1231 consilium
687 1167 837 1245 cepisset,
875 1166 999 1244 Meropa
1031 1164 1137 1225 fratris
1168 1183 1247 1225 uxor
1279 1165 1366 1227 hisce

375 1275 472 1337 „eum
495 1253 601 1313 verbis
622 1251 761 1312 eluserit:

443 1340 508 1417 „El
526 1334 586 1417 γάρ
612 1332 638 1398 σ’
662 1332 793 1412 ἔμελλεν,
819 1335 863 1408 ὥς
886 1330 925 1396 σι)
950 1335 1030 1413 φῆς,
1055 1333 1181 1396 κτείνειν
1202 1330 1308 1410 πόσις,

371 1483 378 1498 ,
444 1420 537 1506 ,,Χρῆ
563 1422 617 1482 καὶ
640 1422 674 1481 σὲ
694 1418 826 1497 μέλλειν,
856 1418 900 1491 ὥς
919 1401 1035 1501 ledros
1057 1418 1155 1492 δῆθεν
1176 1421 1295 1501 παρῆν.

376 1508 440 1589 „At
467 1507 527 1570 hoc
556 1507 653 1580 enim,
681 1505 779 1583 inquit
802 1499 921 1585 [Tiro],
954 1502 1046 1583 plane
1073 1502 1216 1563 stultitiae
1238 1502 1365 1582 plenum

375 1600 462 1671 „est‚
498 1610 535 1652 eo
567 1587 694 1649 consilio
726 1593 817 1667 atque
850 1606 887 1648 ea
916 1587 968 1647 lini
1001 1586 1104 1647 iacere
1133 1586 1210 1648 velle
1238 1587 1367 1668 aliquid,

375 1678 441 1753 „uti
463 1691 623 1754 nunquam
651 1671 684 1732 id
712 1672 820 1751 iacias,
857 1670 943 1751 quod
964 1669 1118 1747 vetisr).“
1161 1668 1187 1748 ἓ.
1209 1675 1260 1736 34.
1293 1672 1367 1733 Post
1423 1681 1433 1692 ‘

376 1758 495 1821 deinde
525 1775 636 1837 „usum
668 1774 737 1816 esse
765 1757 926 1832 Catonem,
955 1753 1028 1815 dicit
1051 1754 1172 1834 (Tiro),
1200 1756 1232 1816 in
1255 1755 1365 1817 eadem

375 1846 544 1923 „oratione
566 1839 766 1921 argumentis,
780 1858 892 1919 parum
916 1838 1071 1918 honestis,
1102 1845 1132 1900 et
1158 1840 1248 1900 nimis
1270 1839 1367 1903 auda-

375 1927 507 2005 „eihus,
539 1944 576 1987 ac
603 1942 665 1984 non
695 1923 752 1983 viri
776 1925 859 2003 ejus,
890 1922 990 2003 qualis
1013 1924 1085 2001 fuit,
1121 1922 1179 1983 sed
1208 1924 1301 1986 vatris
1330 1943 1367 1986 ao

374 2011 582 2093 „lallaciosis,
622 2014 652 2067 et
682 2008 771 2086 quasi
795 2008 985 2068 Graecorum
1015 2006 1229 2086 sophistarum
1257 2008 1366 2069 soller-

376 2096 460 2174 „tiis
526 2095 602 2153 Nam
633 2110 704 2151 cum
734 2089 935 2168 objiceretur,
972 2090 1084 2169 inquit,
1123 2089 1362 2172 Rhodiensibus,

376 2178 484 2260 „quod
508 2176 622 2238 bellum
645 2174 765 2255 populo
787 2175 926 2235 Romano
954 2174 1055 2234 lacere
1084 2174 1268 2254 voluissent,
1303 2193 1364 2237 nec

376 2264 522 2343 „negavit
542 2277 657 2341 paene,
687 2260 806 2339 ignosci
837 2258 993 2339 poposcit,
1023 2258 1095 2338 quia
1124 2258 1156 2319 id
1182 2277 1245 2320 non
1272 2260 1364 2322 iecis-

377 2353 480 2425 ‚,sent,
512 2346 569 2406 etsi
586 2344 726 2404 *maxime
750 2343 935 2404 voluissent:
969 2342 1191 2423 induxisseque
1217 2362 1287 2405 eum
1316 2343 1364 2405 di·

377 2432 456 2511 „cit‚
484 2448 578 2510 quam
600 2427 757 2488 Dialectici
780 2445 940 2507 epagogen
961 2426 1137 2507 appellant,
1167 2446 1232 2489 rem
1255 2426 1364 2490 admo·
1466 2455 1470 2460 ·

378 2513 479 2594 „dum
510 2512 688 2575 insidiosam
717 2519 746 2573 et
773 2512 991 2591 sophisticam,
1021 2530 1122 2592 neque
1151 2512 1191 2573 ad
1220 2511 1365 2574 veritates

375 2599 514 2679 „magis,
550 2616 643 2678 quam
673 2596 713 2657 ad
743 2597 902 2676 captiones
930 2603 1101 2677 repertam,
1135 2615 1206 2657 cum
1237 2603 1364 2658 conatus

376 2685 440 2762 „sit
455 2683 605 2763 exemplis
622 2678 849 2761 decipientibus
867 2680 1012 2758 colligere
1026 2680 1286 2761 confirmareque,
1309 2700 1365 2743 na-

374 2768 525 2846 „minem,
553 2767 605 2847 qui
637 2765 718 2826 male
746 2766 848 2827 lacere
870 2765 981 2843 voluit,
1013 2764 1104 2846 plecti
1127 2783 1261 2846 aequum
1283 2784 1364 2847 esse,

374 2853 472 2929 „nisi‚
500 2851 586 2931 quod
607 2852 719 2910 iactum
743 2849 851 2927 voluit,
882 2851 974 2912 etiam
996 2848 1131 2911 lecerit.“

443 2937 627 3015 Sequuntur
643 2935 709 3012 jam
732 2933 813 3013 apud
838 2933 970 2995 Gellium
993 2935 1089 2996 verba
1114 2935 1247 2997 Catonis.
1282 2933 1364 2996 Sub-

370 3022 476 3099 jungit
491 3019 612 3089 ,Gellius
634 3018 661 3096 ξ.
680 3022 736 3083 39:
768 3018 839 3105 „His
864 3019 1054 3099 argumentis
1078 3021 1154 3084 Tiro
1179 3021 1307 3084 Tullius
1328 3022 1364 3080 M.

375 3106 548 3182 „Catonem
570 3100 756 3163 contendere
785 3109 813 3163 et
844 3102 998 3165 conticere
1022 3102 1108 3182 dicit,
1136 3102 1364 3167 Rhodiensibus

376 3205 526 3268 „quoque
556 3187 683 3266 impune
712 3205 782 3247 esse
812 3185 943 3265 debere,
984 3187 1067 3269 quod
1098 3188 1204 3250 hostes
1238 3187 1365 3269 quidem
1459 3250 1462 3255 ,

375 3290 470 3351 „esse
493 3270 600 3351 populi
624 3271 753 3332 Romani
781 3269 967 3351 voluisseut,
1003 3283 1033 3335 et
1059 3273 1110 3352 qui
1139 3275 1273 3333 maxime
1302 3277 1373 3332 non

375 3356 535 3434 „luissent
587 3355 778 3417 Dissimulari
807 3363 909 3417 autem
942 3377 1004 3417 non
1032 3377 1140 3438 posse,
1180 3359 1222 3419 ait
1253 3353 1362 3441 [Ytro]‚

375 3441 472 3521 „quin
496 3440 581 3520 paria
604 3447 635 3501 et
657 3441 826 3501 consimilia
851 3459 911 3502 non
934 3442 1011 3520 sint,
1033 3441 1104 3522 plus
1128 3443 1293 3523 quingenta
1314 3444 1363 3522 ju-

375 3543 470 3605 „gera
495 3523 610 3586 habere
632 3523 726 3602 velle,
750 3523 833 3605 quod
855 3523 1017 3606 plebiscito
1037 3524 1153 3587 colonis
1176 3527 1363 3606 prohibitum

374 3609 467 3689 „luit,
503 3615 533 3668 et
561 3608 676 3669 bellum
707 3609 854 3687 injustum
885 3617 977 3691 atque
1005 3611 1132 3691 impium
1165 3612 1280 3691 populo
1303 3611 1362 3671 Ro·

374 3712 489 3772 „mano
513 3693 615 3754 facere
640 3692 732 3754 velle:
763 3712 864 3774 neque
894 3695 967 3756 item
998 3695 1121 3755 infitiari
1149 3713 1258 3776 posse,
1288 3695 1362 3774 quin

375 3777 452 3853 „alia
476 3795 586 3839 caussa
608 3779 639 3838 in
662 3779 800 3857 praemio
823 3780 877 3857 sit,
900 3779 958 3840 alia
982 3779 1012 3839 in
1035 3780 1155 3860 poenis.
1206 3780 1282 3838 Nam
1307 3775 1362 3835 be·

374 3861 521 3939 „neficia,
544 3862 657 3942 inquit,
680 3863 834 3942 promissa
852 3864 987 3942 opperiri
1011 3870 1145 3942 oportet,
1168 3880 1269 3941 neque
1291 3868 1362 3921 ante

374 3947 598 4024 „remunerari,
627 3966 720 4027 quarn
751 3947 831 4008 facta
859 3949 933 4007 sint:
968 3948 1096 4026 injurias
1127 3953 1232 4007 autem
1261 3943 1360 4006 immi·

375 4030 495 4103 ,nentis
523 4031 721 4109 praecavisse
748 4032 865 4108 justum
899 4038 960 4109 est,
998 4050 1092 4111 quam
1122 4031 1360 4109 exspectavisse.

375 4114 524 4190 „Summa
547 4115 628 4175 enirn
652 4114 805 4195 professio
828 4115 988 4193 stultitiae,
1010 4115 1122 4195 inquit,
1148 4121 1208 4192 est,
1231 4134 1293 4176 non
1316 4116 1362 4175 ire

374 4196 518 4275 „obviam
541 4197 712 4260 sceleribus
741 4198 894 4277 rogitatis,
925 4199 979 4259 sed
1004 4216 1129 4260 manere
1152 4198 1360 4279 opperirique,

377 4459 382 4467 ἢ
426 4388 454 4451 1)
491 4392 634 4452 Quomodo
653 4393 694 4444 his
714 4396 839 4444 occurrat
857 4390 965 4452 Gellius,
990 4393 1046 4456 lege
1066 4393 1089 4443 si
1105 4390 1179 4451 libet,
1199 4387 1272 4454 apud
1290 4386 1362 4438 hunc

376 4471 473 4522 ipsum.
