3484 5600
379 828 422 892 ³8
714 822 1026 884 ΜΑΕΟΕΝΑΤΙΑΝΑ.

322 1069 325 1075 .
450 1014 473 1070 Ι.
519 1007 694 1071 Charisius
717 1005 857 1065 lnstitutt.
881 1003 1060 1063 Grammatt.
1091 1003 1142 1064 lib.
1166 1010 1189 1067 l.
1219 1026 1251 1085 p.
1268 1010 1307 1072 60
1320 1026 1359 1088 sq.
1401 1027 1406 1068 t

381 1091 430 1153 ed.
455 1091 585 1156 Prrtsdn
610 1109 639 1170 p.
657 1091 707 1154 44.
731 1087 779 1149 ed.
803 1086 948 1151 Lindem.
1402 1109 1406 1147 :

384 1261 390 1274 ι
446 1177 606 1276 „Catinae
634 1172 805 1237 masculino
834 1188 946 1251 genere
977 1168 1104 1249 dieitur;
1136 1181 1170 1234 ut
1198 1178 1361 1241 Maecenas
1403 1205 1406 1231 ι

383 1278 413 1322 m
438 1261 639 1429 diffidas,
672 1344 728 1422 ait,
762 1341 896 1422 famam
925 1342 1036 1406 calido
1066 1361 1139 1502 mppr
1167 1342 1264 1424 farre
1294 1346 1361 1407 cati·
1404 1309 1406 1399 l

988 1428 1080 1491 nuo“
1126 1473 1132 1486 .

449 1596 478 1655 2.
522 1592 658 1665 Seneca,
687 1589 825 1669 Epistola
854 1594 919 1655 101.
954 1591 1091 1656 Fickert.
1115 1589 1178 1651 Vol.
1194 1593 1215 1651 l.
1240 1610 1270 1672 p.
1286 1595 1361 1656 ott:

448 1678 482 1736 in
504 1693 560 1754 spe
583 1672 761 1736 viventibus
783 1676 958 1755 proximum
987 1675 1132 1755 quodque
1162 1682 1288 1755 tempus
1310 1677 1361 1736 ele·

384 1760 466 1823 bitur
495 1758 642 1838 subitque
671 1757 803 1820 aviditas
840 1766 871 1819 et
907 1760 1098 1821 miserrimus
1134 1776 1171 1820 eo
1198 1760 1362 1820 miserrime

385 1847 487 1908 omnia
519 1844 656 1906 alliciens
686 1850 787 1905 metus
815 1845 931 1905 mortis.
975 1843 1050 1905 lude
1073 1842 1149 1903 illud
1172 1845 1363 1907 Maecenatis

386 1931 601 2009 turpissimum
625 1936 747 2005 votum,
777 1947 838 2006 quo
870 1934 900 1987 et
929 1927 1119 1989 debilitatem
1149 1945 1210 1986 non
1241 1934 1362 2002 recuset,

348 2033 351 2040 ·
384 2020 414 2073 et
436 2012 677 2086 deformitatem,
708 2016 738 2069 et
759 2012 927 2071 novissime
957 2017 1077 2071 acutam
1107 2027 1250 2089 crucem,
1285 2010 1362 2072 dum·

384 2093 476 2155 modo
499 2097 578 2154 inter
600 2093 677 2152 bueo
700 2092 780 2152 mala
802 2095 926 2172 spiritus
948 2098 1144 2173 prorogetur:

535 2173 679 2239 Debilem
700 2175 806 2257 facito
827 2196 940 2256 mana,
1098 2178 1102 2189 “

577 2256 723 2322 Debilem
738 2260 839 2341 pede,
864 2279 956 2336 cosa,

538 2341 639 2407 Tuber
660 2343 795 2408 adsitne
815 2343 995 2427 gibbernm,

579 2426 738 2492 tetricos
760 2436 857 2512 quate
878 2429 1002 2493 devites:

539 2516 615 2577 Vita
637 2512 714 2576 dnm
734 2521 894 2596 superest,
921 2515 995 2577 bene
1016 2521 1073 2579 est.

581 2599 678 2662 Hanc
699 2599 794 2673 nrilci,
818 2600 869 2662 oei
892 2604 991 2663 acnta

537 2682 576 2745 Si
597 2681 724 2746 sedeam
745 2702 855 2759 cruce,
884 2686 1018 2747 sustine.

388 2765 479 2840 Quod
503 2766 706 2828 miserrimum
730 2774 810 2847 erat,
834 2768 859 2829 si
883 2766 1060 2846 incidisset,
1084 2772 1221 2848 optatur3
1245 2774 1275 2829 et
1298 2773 1366 2830 tam·

388 2871 483 2932 quam
506 2852 566 2912 vito
590 2852 704 2932 petitur
727 2852 871 2932 supplicii
894 2869 989 2913 more.
1021 2852 1302 2913 Contemtissimum
1316 2870 1367 2931 pu·

389 2945 502 3012 terem,
530 2936 556 2997 si
586 2936 693 2997 vivere
721 2936 813 2996 vellet
838 2956 938 3016 usque
968 2934 1007 2995 ad
1034 2954 1164 2997 omcem.
1216 2937 1262 2996 Tu
1291 2952 1368 3010 vero,

389 3022 501 3100 inquit,
526 3038 574 3081 me
591 3019 729 3083 debilites
744 3021 829 3101 licet,
853 3021 927 3082 dum
943 3021 1069 3100 spiritus
1082 3021 1114 3080 in
1131 3036 1261 3099 corpere
1276 3020 1369 3080 lraoto

388 3112 419 3164 et
446 3104 543 3164 inutili
574 3112 711 3166 maneat:
747 3103 902 3185 depraves
932 3104 1017 3182 licet,
1052 3104 1124 3166 dum
1146 3108 1371 3164 monstrascet

387 3186 523 3250 dissecto
548 3191 696 3268 temporis
717 3189 833 3270 aliquid
850 3188 989 3251 accedet:
1013 3189 1139 3268 suffigas
1155 3189 1234 3264 licet,
1257 3195 1288 3248 et
1301 3204 1371 3246 acu-

387 3276 449 3329 tam
472 3290 598 3332 sessuro
629 3290 752 3335 crucem
784 3272 917 3337 subdas:
952 3278 999 3334 est
1020 3274 1110 3350 tanti,
1142 3272 1255 3332 vulnus
1284 3287 1372 3331 suum

386 3369 538 3430 premere,
562 3360 593 3411 et
614 3358 753 3431 patibulo
776 3357 915 3435 pendere
936 3356 1128 3433 destrictum,
1152 3355 1225 3416 dum
1250 3353 1374 3414 diflerat

387 3432 418 3494 id
442 3434 525 3513 quod
548 3444 595 3494 est
626 3438 655 3496 in
685 3439 772 3499 malis
796 3444 962 3523 optimum,
994 3440 1137 3524 supplicii
1166 3439 1268 3500 linem.
1319 3439 1375 3498 Est

386 3519 476 3596 tanti,
499 3517 616 3578 hebere
633 3522 784 3602 animam,
807 3532 840 3586 ut
857 3545 956 3606 agam.
988 3524 1070 3599 Quid
1092 3524 1164 3586 huio
1186 3531 1291 3603 optes,
1316 3523 1373 3582 nisi

386 3601 462 3663 deos
484 3602 612 3663 facilest
656 3606 738 3678 Quid
766 3608 825 3669 sibi
853 3611 919 3671 vult
946 3613 1005 3672 iste
1034 3609 1177 3671 carminis
1208 3607 1374 3668 effeminati

387 3686 565 3766 turpitudo‘l
609 3688 689 3762 Quid
720 3693 838 3754 timoris
869 3694 1091 3757 dementissimi
1122 3692 1248 3774 pactio‘l
1291 3689 1375 3763 Quid

387 3781 449 3833 tam
472 3770 561 3834 foeda
586 3773 666 3835 vitae
693 3775 898 3839 mendicatio?
943 3778 997 3843 Cui
1023 3786 1111 3858 putes
1134 3794 1271 3856 unquam
1296 3775 1375 3837 reei-

387 3864 469 3918 tesse
490 3857 654 3936 Virgilium,

536 3943 639 4024 Usque
661 3944 780 4007 adeone
804 3946 880 4006 mori
905 3948 1054 4010 miserum
1076 3947 1146 4008 esti

388 4027 482 4104 Optat
505 4026 610 4092 ultima
631 4029 797 4092 malorum:
830 4038 860 4090 et
883 4049 963 4109 quae
990 4033 1054 4113 pati
1082 4031 1298 4111 gravissimum
1319 4037 1375 4105 est,

387 4107 510 4170 extendi
532 4127 568 4168 ao
590 4114 732 4174 sustineri
757 4117 850 4195 cupit.
892 4117 959 4200 Qua
982 4115 1147 4177 mercede?
1186 4114 1307 4176 Scilicet
1329 4115 1376 4173 vi-

387 4202 436 4253 tae
458 4193 616 4272 longioris.
654 4197 734 4270 Quid
758 4207 859 4260 autem
881 4199 971 4278 hujus
996 4202 1099 4262 vivere
1121 4200 1190 4262 esti
1221 4197 1273 4259 diu
1291 4199 1377 4258 mori.

386 4277 540 4338 Invenitur
563 4276 690 4357 aliquis,
716 4283 766 4360 qui
791 4282 863 4342 velit
886 4283 965 4344 inter
981 4285 1132 4365 supplicia
1146 4283 1323 4358 tabescere,
1347 4290 1378 4340 et

390 4399 591 4413 m

439 4461 465 4522 l)
504 4461 601 4516 Barllc.
615 4467 642 4515 in
654 4467 791 4519 adversor.
805 4469 829 4530 3,
841 4471 865 4520 7.
883 4471 997 4532 camec:
1018 4467 1144 4536 Giyem'is
1154 4485 1204 4536 pro
1214 4468 1374 4536 deperiisse.
