3484 5600
375 412 565 492 Quanquam
601 429 676 473 vero
710 414 913 477 Maecenatis
951 413 1088 475 carmina
1123 419 1270 494 atquae
1304 412 1364 476 alia

374 536 515 617 scripsit,
553 553 616 597 non
652 537 813 616 permagni
850 553 923 598 esse
956 533 1116 610 iaciendo,
1160 531 1243 594 facili
1274 539 1365 613 puoto

374 658 530 739 intellexi,
568 659 664 722 oratio
693 665 796 721 tumen
826 658 885 718 viri
915 667 979 720 tam
1008 656 1084 718 clari
1114 653 1286 733 cujusmodi
1314 655 1365 734 sit,

374 800 471 862 quam
491 780 626 844 indolem
654 800 731 863 prae
758 799 794 843 sc
820 781 915 861 ierat,
945 777 1150 860 probabiliter
1179 777 1365 858 perspicere,

374 921 492 984 operae
513 904 649 983 pretium
670 897 740 965 osse
754 902 929 964 videbatur.
974 900 1103 964 Accedit
1124 900 1224 983 quod,
1245 902 1273 964 si
1295 902 1366 983 quis

374 1024 473 1104 alius,
503 1027 666 1087 Maecenas
693 1028 807 1107 optimo
829 1045 867 1088 ex
896 1027 1020 1105 scriptis
1042 1028 1252 1105 cognoscitur;
1290 1045 1365 1107 pro·

373 1135 484 1224 pterea
507 1147 626 1224 omnia,
652 1154 802 1228 quotquot
824 1153 1009 1227 supersunt,
1032 1166 1161 1228 operum
1183 1150 1364 1229 fragmenta,

375 1274 451 1329 ante
473 1268 582 1330 oculos
595 1268 728 1349 habere,
750 1270 880 1331 multum
903 1270 1053 1332 interesse
1075 1270 1233 1364 putabam.
1277 1272 1366 1333 lloris

373 1393 470 1483 igitur
491 1391 680 1471 subsecivis,
708 1409 791 1471 ‚quas
813 1392 952 1471 negotio,
988 1410 1050 1471 quo
1073 1392 1138 1470 jam
1167 1408 1227 1471 per
1256 1394 1364 1473 viginti

374 1534 473 1578 annos
502 1522 533 1577 ot
560 1514 644 1595 quod
672 1514 806 1594 amplius
835 1520 882 1575 est
908 1515 999 1594 panis
1028 1512 1197 1593 quaerendi
1223 1522 1253 1574 et
1274 1514 1362 1575 tami·

373 1640 433 1701 liae
468 1638 687 1701 sustentandae
724 1655 821 1698 causa
851 1626 1034 1715 perfungor,
1067 1635 1253 1698 subtrahero
1285 1637 1361 1697 mibi

373 1760 496 1840 licebat,
519 1759 780 1841 quaecuuquo'ad
795 1762 1015 1823 Maecenatem
1036 1757 1229 1840 spectabant,
1253 1759 1362 1821 scdulo

375 1883 495 1964 collegi.
539 1884 638 1964 Atque
664 1885 740 1945 satis
768 1901 879 1964 magua
904 1881 1114 1944 subsidiorum
1137 1884 1227 1963 copia
1249 1883 1362 1943 iustru-

376 2013 444 2067 ctus
470 2004 510 2067 ad
533 2005 732 2085 opusculum,
761 2023 822 2066 uon
845 2005 924 2067 levis
954 2006 1028 2066 illud
1058 2024 1171 2086 operae
1201 2013 1232 2067 et
1259 2007 1362 2089 studii,

376 2149 426 2190 mo
459 2129 587 2189 accinxi.
652 2128 710 2200 Qui
743 2134 833 2188 antea
871 2126 910 2188 de
942 2131 1130 2193 Maecenate
1162 2131 1362 2211 scripserant,

376 2254 510 2313 maxime
540 2254 570 2311 in
599 2253 661 2312 vita
694 2252 761 2331 ejus
792 2251 982 2330 enarranda,
1019 2250 1131 2313 additis
1163 2253 1267 2315 multis
1294 2254 1362 2315 aliis

374 2374 487 2451 rebus,
514 2393 594 2455 quae
618 2373 658 2435 ad
680 2375 802 2436 illorum
826 2383 1000 2456 temporum
1028 2376 1188 2440 historiam
1211 2387 1361 2459 spectant,

375 2518 507 2579 operam
528 2506 706 2577 posuerant.
749 2498 901 2579 Equidem
919 2500 999 2561 hanc
1019 2501 1101 2561 viam
1125 2500 1360 2579 ingrediendam

362 2619 446 2686 ¹esse
469 2621 654 2699 censebam,
685 2628 718 2683 ut
740 2624 875 2703 primum
899 2622 925 2701 §2
946 2630 971 2687 l.
994 2642 1049 2684 eos
1072 2642 1280 2703 recenserem,
1310 2626 1363 2704 qui

375 2747 478 2810 adbuc
506 2745 546 2808 dc
573 2748 762 2812 Maecenate
796 2748 1004 2829 scripserunt,
1040 2747 1155 2810 dcindc
1184 2748 1210 2826 ἓ.
1232 2751 1262 2812 2.
1296 2749 1362 2828 eJ'us

375 2870 470 2930 vitam
491 2876 521 2929 et
542 2887 646 2931 mores
675 2888 879 2952 exponerem,
911 2881 974 2934 tum
998 2872 1024 2951 ἓ.
1041 2877 1071 2939 3.
1100 2873 1139 2935 de
1161 2877 1363 2938 Maecenatis

375 2993 483 3070 domo,
511 2993 608 3070 villis,
636 2994 751 3073 hortis,
785 2994 918 3076 aliisque
941 2995 1093 3073 dicerem,
1127 2995 1153 3074 ἕ.
1171 3000 1199 3060 r.
1224 2994 1263 3056 dc
1286 2997 1386 3069 scri<

333 3107 335 3113 ’
374 3115 433 3194 ptis
454 3113 667 3197 disputarem,
698 3134 868 3198 corumque
898 3119 1069 3200 fragmenta
1093 3120 1282 3200 digererem,
1317 3126 1361 3180 at-

375 3255 437 3316 que
466 3237 572 3298 ultimo
597 3237 666 3299 loco
690 3239 717 3316 ἓ.
734 3244 763 3306 5.
792 3239 830 3302 de
859 3243 991 3320 meritis,
1022 3263 1102 3323 quae
1133 3242 1173 3306 de
1204 3244 1362 3304 literarum

374 3361 487 3424 studiis
508 3362 666 3442 habuerit,
696 3364 842 3426 dicerem.
887 3366 1062 3428 Litcrariam
1093 3368 1184 3445 igitur
1206 3382 1271 3424 rem
1295 3384 1361 3426 ma·

373 3486 456 3546 xime
486 3484 526 3545 ob
560 3486 666 3547 oculos
700 3486 811 3563 habui;
850 3487 964 3548 librum
995 3489 1132 3570 amplum
1164 3489 1362 3552 conscribere

374 3673 465 3725 teriam
483 3673 614 3738 praebere
635 3675 760 3736 poterunt
783 3669 1046 3733 colligendommquo
1069 3669 1275 3750 fragmentorum
1299 3680 1362 3718 eum

375 3760 409 3812 ad
426 3761 551 3822 modum,
575 3774 630 3824 quo
649 3758 829 3810 Burmannus
846 3755 988 3809 Secundus
1005 3757 1117 3809 instituit
1135 3757 1286 3822 (Antholog.
1305 3756 1359 3808 Lat.

374 3849 398 3898 ll.
418 3848 484 3900 inira
502 3848 541 3913 ll.)
562 3860 727 3913 quamquam
747 3839 883 3914 perpauca
902 3849 991 3900 adhuc
1010 3847 1119 3898 latent.“
