3484 5600
510 788 550 852 at
845 782 1155 845 MAECENATlANA.

576 968 655 1027 Clari
678 966 769 1025 etiam
794 972 867 1025 sunt
892 966 990 1028 Horti
1013 966 1254 1028 Maecenatinni
1270 964 1306 1042 ¹).

575 1053 638 1113 lloc
659 1050 727 1110 loco
750 1049 937 1108 mentionem
961 1066 1084 1127 quoque
1114 1050 1223 1109 luciam
1245 1052 1360 1113 Ranae
1383 1049 1493 1110 Maece-

510 1135 604 1211 natis,
636 1153 728 1213 quarn
752 1132 851 1213 sigillo
882 1132 1063 1211 insculptam
1087 1132 1224 1193 babebat
1239 1127 1297 1209 ²).'
1324 1135 1429 1205 Quare
1451 1151 1493 1194 ra·

510 1240 581 1283 uam
605 1216 839 1297 insculpendam
862 1217 1017 1276 curaverit
1037 1217 1212 1293 MaecenaS,
1237 1217 1286 1276 alii
1312 1216 1407 1278 allam
1429 1235 1493 1278 cau·

511 1324 579 1367 sam
601 1303 857 1381 excogitaverunt.
902 1300 959 1359 Atii
982 1300 1063 1359 enirn
1087 1302 1117 1359 iu
1141 1301 1352 1362 taciturnitatis
1377 1302 1493 1380 signum

511 1407 583 1451 eum
606 1405 680 1447 rana
703 1403 793 1446 usum
815 1384 936 1459 dicunt,
961 1384 1024 1461 alii,
1051 1390 1083 1444 ut
1100 1386 1282 1463 potentiam,
1306 1402 1401 1464 quam
1419 1392 1493 1445 terra

512 1473 651 1551 marique
672 1470 828 1545 habuerit,
848 1468 997 1529 indicaret
1012 1466 1050 1545 ³).
1079 1469 1190 1529 Contra
1207 1468 1402 1549 probabilius
1419 1470 1450 1529 V.
1464 1470 1493 1527 D.

512 1557 602 1636 (Phil.
625 1552 790 1630 Bonarota)
820 1554 850 1612 in
874 1552 1107 1632 Explicationib.
1131 1552 1169 1613 ad
1194 1553 1368 1633 Dempsteri
1392 1570 1494 1612 monu-

513 1649 614 1700 menta
637 1640 766 1699 Etrusca
788 1636 874 1713 §.38
889 1638 938 1697 lin.
955 1636 998 1715 ⁴):
1031 1638 1063 1697 ln
1087 1637 1230 1716 pluribus
1253 1638 1389 1704 nurnmis
1411 1637 1494 1695 Etru-

513 1725 573 1786 scis
597 1724 731 1783 occurrit
758 1742 859 1797 rana,
891 1723 1013 1801 insigne
1042 1722 1173 1781 sortasse
1204 1720 1290 1782 urbis
1318 1721 1493 1795 maritimae,

512 1808 561 1869 val
585 1806 624 1868 ad
647 1804 749 1868 lac'um
771 1806 903 1887 positae3
938 1804 1022 1867 unde
1053 1806 1130 1865 torte
1152 1807 1330 1883 Maecenas,
1361 1805 1414 1884 qui
1440 1804 1495 1862 ori-

513 1894 615 1972 ginem
638 1910 675 1951 ex
698 1909 734 1951 ea
758 1892 916 1970 provincia
939 1889 1088 1968 ducebat,
1112 1908 1223 1950 ranam
1244 1891 1274 1949 in
1298 1888 1396 1969 sigillo
1421 1886 1495 1948 scul·
1537 1948 1538 1954 .

513 1984 596 2055 ptam
618 1974 768 2054 gestabat.
790 2008 831 2018 -

575 2059 756 2117 Maecenatis
780 2057 911 2134 effigiem
936 2075 963 2117 v.
989 2058 1035 2114 in:
1066 2055 1289 2136 Bibliothecae
1310 2056 1497 2119 universelle

511 2142 659 2219 historiq.
684 2145 717 2200 et
742 2138 915 2220 biogruplt.
942 2138 980 2198 ad
1004 2156 1115 2197 nomen
1137 2140 1281 2211 Mecene5
1312 2139 1397 2217 apud
1421 2139 1521 2203 Met·

512 2223 591 2287 bont.
616 2240 645 2300 p.
662 2225 711 2285 40.
735 2230 764 2283 et
788 2222 972 2284 Blaekwell.
998 2221 1031 2279 ll.
1058 2220 1098 2281 ad
1120 2240 1149 2301 p.
1163 2224 1234 2285 349.
1253 2218 1289 2297 ⁵).

576 2308 734 2365 Postremo
757 2305 796 2366 de
816 2325 932 2387 genere
952 2303 1133 2385 scribendi,
1163 2304 1246 2384 quod
1270 2304 1432 2364 invenisse
1456 2304 1498 2364 di·

512 2392 590 2451 citur
604 2390 781 2466 Maecenas,
810 2389 869 2450 boc
890 2389 958 2450 loco
982 2387 1099 2466 dicam,
1123 2396 1156 2449 ut
1179 2388 1327 2467 deinceps
1348 2389 1440 2449 unice
1463 2387 1498 2448 de

513 2474 580 2553 ejus
602 2474 727 2554 scriptis
750 2481 780 2534 et
802 2475 936 2550 meritis,
966 2492 1046 2553 quae
1069 2473 1108 2532 de
1132 2473 1228 2534 literis
1250 2472 1371 2547 habuit,
1403 2472 1497 2533 disse·

514 2577 584 2619 rere
602 2558 700 2618 liceat.
737 2558 901 2635 Nimirum,
928 2557 1014 2617 illum
1030 2557 1177 2637 singulari
1192 2556 1327 2637 quodam
1344 2554 1497 2617 scribendi

514 2659 628 2722 genere
658 2659 749 2702 usum
778 2642 898 2719 dicunt,
937 2660 999 2721 quo
1029 2661 1098 2703 cum
1127 2642 1266 2721 Augusto
1294 2640 1499 2720 Epistularum

515 2725 736 2787 commercium
771 2733 942 2802 exerceret,
979 2725 1063 2806 quod
1097 2724 1252 2806 quomodo
1290 2730 1500 2806 comparatum

514 2811 619 2888 luerit,
642 2811 766 2871 minime
786 2819 914 2874 constat.
952 2812 1095 2871 Fortasse
1117 2819 1220 2889 notas,
1249 2827 1328 2890 quae
1351 2810 1501 2884 aTiroue,

515 2896 674 2957 Ciceronis
686 2895 798 2956 liberto
813 2895 857 2974 ⁶),
882 2896 1025 2958 dicuntur
1040 2896 1193 2973 iuventae,
1216 2894 1418 2974 perfectiores
1432 2886 1501 2952 red·

516 2979 602 3041 didit.
635 2981 669 3039 ln
692 2979 822 3042 aliorum
846 2999 938 3041 usum
961 2999 1013 3041 eas
1038 2987 1125 3042 notas
1141 2979 1254 3041 Acilius
1276 2996 1300 3037 s.
1318 2976 1446 3056 Aquila,
1469 2976 1502 3035 li-

514 3062 621 3124 bertus
638 3064 835 3141 Maecenatis,
857 3063 1066 3143 publicavisse
1084 3063 1210 3125 traditur
1225 3060 1268 3139 ⁷);
1290 3061 1423 3121 lortasse
1437 3061 1502 3141 ipse

570 3214 596 3279 1)
633 3215 714 3268 Tacit.
734 3218 782 3267 nn.
804 3214 848 3275 15,
867 3211 910 3265 39.
946 3213 1054 3264 Sueton.
1075 3212 1160 3262 Tiber.
1182 3210 1265 3262 c.15.
1300 3210 1369 3260 Sext.
1395 3209 1453 3260 lius.
1473 3207 1505 3259 de

514 3282 574 3346 Bag.
596 3284 656 3334 Urb.
677 3287 766 3336 Horat.
788 3285 871 3334 Serm.
894 3284 921 3341 l,
934 3281 1064 3343 8,¹libiq.
1093 3281 1180 3330 schol.
1195 3280 1275 3342 Cruq.
1288 3292 1331 3343 ap.
1353 3277 1502 3341 Heindorf.

513 3354 590 3401 Auct.
614 3353 682 3414 Etag.
703 3352 745 3402 35.
779 3355 880 3402 Gruter.
907 3349 1038 3412 inscriptt.
1058 3362 1084 3411 p.
1106 3347 1168 3409 878,
1187 3348 1212 3398 6.
1241 3346 1360 3408 945,10.
1394 3345 1504 3398 Fronte

513 3433 540 3483 p.
563 3416 666 3482 1⁰3sq.
709 3419 813 3471 Weber
829 3433 856 3482 p.
878 3417 936 3466 131.
974 3416 1041 3467 add.
1070 3414 1152 3465 l'iola
1171 3431 1197 3480 p.
1214 3414 1338 3482 225sqq.

565 3504 594 3568 2)
631 3505 694 3555 Ptin.
714 3505 770 3555 Nat.
791 3505 857 3555 Hist.
877 3503 924 3565 37,
942 3501 967 3553 4.
988 3502 1030 3567 (V.
1043 3503 1085 3554 lll.
1109 3518 1136 3568 p.
1148 3504 1173 3556 9.
1195 3503 1323 3569 Franz.):
1347 3506 1505 3558 Maecenatis

514 3586 578 3625 rana
595 3586 644 3638 par
662 3573 830 3626 collationem
849 3573 1025 3638 pecuniarum
1041 3573 1070 3623 in
1088 3586 1185 3640 magno
1204 3579 1306 3626 terrore
1324 3579 1388 3626 emt.

565 3660 594 3725 3)
629 3673 655 3711 ν.
677 3657 795 3724 Riclrer,
820 3665 846 3710 et
866 3658 1017 3711 Blaclwell
1037 3662 1067 3713 V.
1085 3661 1111 3714 3.
1137 3678 1164 3729 p.
1182 3663 1232 3716 134
1247 3678 1288 3729 sq.
1319 3660 1504 3716 Kireltmann.

515 3731 548 3782 de
564 3732 659 3780 Annut.
680 3745 703 3781 c.
717 3729 740 3781 5.
762 3745 789 3794 p.
803 3731 838 3784 40
850 3744 890 3794 sq.
911 3734 937 3780 et
956 3729 996 3781 13.
1017 3746 1043 3796 p.
1057 3732 1116 3784 108.

566 3817 594 3883 4)
630 3818 663 3870 cl.
683 3815 800 3870 Matter.
822 3816 932 3869 Etruel.
954 3819 974 3869 1.
993 3834 1020 3886 p.
1033 3820 1095 3872 335.

566 3906 595 3969 5)
631 3907 664 3959 ct.
689 3903 975 3960 Walclenaerl.11.
1002 3923 1028 3974 p.
1044 3909 1097 3962 213
1112 3923 1155 3975 sq.
1193 3910 1283 3978 Myyer
1308 3928 1334 3978 p.
1352 3911 1403 3965 467
1427 3928 1450 3965 s.
1477 3931 1504 3968 v.

514 3972 644 4027 Mice'nes
679 3974 736 4029 Une
761 3973 945 4029 dissertation
971 3977 1005 4028 de
1037 3978 1078 4030 M.
1105 3980 1369 4043 Maeui-Rocbette,
1396 3982 1507 4039 incerte

514 4042 584 4112 dana
601 4059 638 4094 un
656 4043 785 4124 opusculo
802 4044 850 4123 pni
869 4060 886 4096 a
909 4062 982 4114 pour
1000 4048 1081 4101 titre.-
1110 4049 1152 4102 Di
1168 4067 1203 4102 un
1223 4049 1301 4102 lusto
1319 4051 1457 4105 coloaaole
1475 4053 1507 4106 ia

514 4127 624 4163 marma
643 4112 674 4192 cle
696 4113 725 4163 C.
738 4110 830 4166 Gelneo
849 4112 1009 4180 Mecenate,
1035 4125 1163 4184 ceoperto
1182 4135 1196 4170 e
1215 4119 1363 4184 paeceduto
1380 4121 1430 4173 dat
1445 4137 1506 4174 eno.

515 4180 548 4233 P.
568 4181 671 4233 Manna
694 4179 792 4244 (Paria
810 4182 887 4236 1837.
907 4184 959 4249 8.),
990 4193 1098 4238 mentre
1122 4203 1172 4254 que
1196 4203 1265 4239 noue
1290 4203 1411 4242 conamen
1435 4192 1507 4254 enfin

514 4253 629 4303 accures
647 4251 680 4302 de
699 4249 844 4304 connaitre
867 4251 908 4304 lea
932 4254 1018 4305 troilo
1037 4256 1072 4307 ‹le
1091 4255 1221 4320 Metine,
1247 4261 1274 4308 et
1295 4271 1351 4324 pur
1372 4275 1403 4310 ce
1428 4260 1507 4312 baete

515 4324 542 4371 et
558 4334 615 4384 par
632 4319 674 4372 lea
692 4320 800 4371 comice
819 4323 853 4372 de
871 4321 1050 4377 Dioscorida

568 4408 597 4470 6)
632 4425 658 4460 v.
679 4424 754 4475 supr.
774 4409 915 4462 Tironiana
934 4427 961 4477 p.
976 4413 1017 4464 13.
1042 4444 1067 4455 -
1141 4413 1168 4476 7)
1195 4414 1287 4468 Isidor.
1306 4416 1376 4481 orig.
1391 4416 1414 4479 1,
1424 4413 1505 4482 m.
