3484 5600
379 816 417 875 16
709 805 1020 867 MAECENA'l'lANA.

376 997 493 1056 rnnsat.
518 988 557 1051 ad
579 990 719 1051 Ciaccon.
745 985 885 1047 Bibliotlr.
909 1006 938 1066 p.
954 989 1024 1053 938.
1047 995 1078 1049 11
1099 988 1261 1075 Sonchay
1284 992 1302 1054 l.
1321 994 1354 1053 in·

377 1078 422 1138 tro
446 1077 464 1136 l.
495 1107 533 1119 -
578 1073 709 1134 Secutus
737 1079 784 1132 est
810 1072 881 1135 loir.
906 1073 1003 1135 Henr.
1028 1072 1249 1151 Meibemiue,
1284 1073 1354 1157 enjus

377 1161 455 1223 liber
477 1160 556 1219 lianc
579 1158 810 1237 inscriptionem
834 1172 910 1235 prae
932 1174 966 1217 se
989 1157 1058 1218 lert:
1089 1157 1277 1235 „Meibomii
1291 1163 1354 1222 Mae

376 1264 484 1322 cenas,
517 1244 582 1304 sire
604 1240 644 1301 de
667 1242 699 1301 C.
723 1240 809 1301 Cilnii
839 1241 1022 1301 Maecenatis
1052 1242 1129 1319 vita,
1167 1245 1355 1307 moribuset

264 1336 275 1351 '
378 1330 479 1392 rebus.
496 1329 591 1407 gestis
613 1324 688 1385 liber
710 1323 883 1403 singularis.
937 1324 1075 1386 Accessit
1103 1327 1136 1387 C.
1160 1325 1299 1390 Pedonis
1317 1328 1354 1389 Al·

378 1413 522 1475 liinovani
547 1410 709 1472 Maecenati
733 1409 882 1487 scriptum
904 1409 1099 1489 Epicedium,
1123 1412 1209 1472 notis
1235 1412 1354 1482 illustra-

379 1508 453 1560 tum.
498 1495 592 1574 lugd.
614 1496 717 1554 Batav.
741 1511 790 1572 ap.
814 1494 858 1552 lo.
884 1500 915 1554 et
936 1494 1012 1554 Dan.
1036 1493 1192 1573 Elsevier‚
1223 1500 1316 1563 1653.
1334 1501 1354 1559 1.

378 1581 472 1642 min.“
518 1580 577 1652 Qui
603 1576 728 1658 quidem
752 1574 831 1637 liber
857 1575 951 1639 hodie
981 1579 1055 1640 satis
1082 1596 1175 1640 rarus
1192 1580 1220 1658 ¹)
1247 1588 1356 1662 praeter

379 1667 551 1745 fragmenta
576 1662 707 1743 plurima
731 1662 921 1722 omniafere
943 1663 1089 1739 continet,
1111 1676 1196 1742 qu'ae
1221 1663 1265 1727 ad
1289 1668 1355 1726 Mae

378 1756 518 1812 cenatem
541 1753 694 1828 spectant,
717 1744 775 1807 sed
790 1763 894 1806 sermo
910 1754 957 1807 est
970 1747 1061 1807 nimis
1083 1745 1218 1811 diffusus
1242 1757 1274 1810 et
1293 1750 1354 1811 scri-

378 1834 472 1895 bendi
501 1851 615 1915 gertus,
650 1830 733 1911 quod
769 1830 859 1891 hodie
889 1832 1015 1891 minime
1047 1832 1165 1910 placet;
1204 1840 1355 1913 praeterea

379 1919 456 1980 ordo
479 1937 581 1978 rerum
606 1923 815 1976 enarratarum
839 1933 1001 1994 perperam
1019 1915 1177 1978 institutus
1192 1924 1222 1978 et
1243 1918 1356 2000 patien-

379 2005 421 2063 tia
443 2020 573 2083 prorsus
595 1999 688 2060 multa
712 2017 791 2077 opus
812 2004 873 2075 est,
898 2005 929 2059 ut
951 1998 1064 2060 librum
1088 2007 1187 2062 telum
1209 2001 1357 2083 perlegas.

379 2086 417 2146 cl.
448 2083 607 2162 Soncltay.
642 2115 680 2125 -
736 2082 864 2141 Exstant
892 2084 985 2145 etiam
1016 2086 1117 2147 Henr.
1142 2084 1295 2149 nSeelen
1324 2082 1359 2146 ad

378 2167 532 2231 Meibomii
555 2168 760 2226 Maecenatem
775 2164 936 2246 Analecta,
961 2187 1057 2248 quae,
1080 2188 1177 2249 quum
1200 2169 1230 2229 in
1254 2188 1359 2232 manus

380 2270 466 2314 meas
483 2270 543 2310 non
557 2258 775 2329 pervenerunt,
798 2250 885 2327 cujus
903 2254 1049 2314 momenti
1072 2255 1142 2329 sint,
1165 2253 1234 2334 ipse
1250 2254 1358 2335 ignoro.

380 2370 419 2381 -
444 2337 515 2395 Post
530 2332 725 2394 Meibomium
748 2341 809 2394 tres
826 2334 891 2395 ltali
914 2335 1061 2417 deinceps
1075 2338 1263 2399 Maecenatis
1287 2340 1359 2399 vitas

380 2420 641 2499 conscripserunt.
687 2418 808 2482 Cesere
829 2419 1008 2501 Corporali:
1041 2424 1147 2497 Rirne,
1176 2423 1359 2487 onere'viia

380 2505 417 2569 di
443 2508 608 2568 Mecenate
636 2522 696 2567 con
726 2506 963 2569 l’osseroationi
992 2505 1029 2569 di
1057 2507 1159 2570 Cario
1192 2506 1357 2589 Caporoli.

380 2592 511 2655 Venetia
537 2607 649 2669 presse
679 2590 844 2653 Zacceria
874 2589 1035 2654 Conznlti.
1065 2593 1156 2655 1673.
1189 2594 1238 2655 12.
1291 2593 1359 2652 Tota

379 2674 456 2735 llaec
479 2673 539 2733 vita
564 2672 681 2732 indicna
704 2680 752 2733 ost
779 2671 875 2734 rebus
905 2676 978 2753 ipsis
1002 2694 1039 2737 ac
1061 2673 1219 2736 scribendi
1242 2693 1358 2757 genere.

380 2755 629 2824 0111111111.
657 2761 765 2838 11939
782 2776 828 2838 sq.
860 2759 1022 2842 Soocnoy.
1048 2793 1086 2804 -
1124 2758 1225 2831 Gioe.
1250 2762 1358 2826 Mario

380 2846 497 2920 Cenni,
524 2844 622 2907 Delta
644 2847 715 2908 vita
736 2844 774 2908 di
797 2843 885 2924 cajo
909 2844 1019 2908 Cilnio
1037 2848 1205 2910 Mecenale
1226 2845 1308 2910 libri
1319 2845 1356 2908 11.

379 2933 482 2995 Roma
507 2948 567 3010 per
595 2929 712 2992 Frena.
743 2930 792 2992 de’
819 2931 959 3004 Lazari,
989 2932 1076 2995 1681.
1099 2932 1128 2995 8.
1173 2931 1270 2992 Totos
1300 2929 1359 2990 tere

378 3014 495 3096 pendet
518 3013 620 3076 Cenni
641 3032 680 3074 ex
694 3012 875 3077 Meibomio.
890 3047 931 3056 -
961 3014 1140 3078 Francesco
1158 3015 1254 3093 irini,
1281 3013 1359 3078 Dell’
1400 3016 1402 3087 l

380 3101 523 3180 origine,
552 3097 731 3179 famiglia',
762 3101 877 3179 patria
902 3096 943 3159 ed
970 3101 1112 3166 11111ηὲ,
1127 3098 1164 3162 di
1186 3098 1274 3182 Onjo
1297 3099 1359 3162 Me

378 3188 505 3263 cenete,
536 3182 764 3246 dissertatione
784 3185 927 3262 elorico,
951 3202 1010 3246 con
1034 3184 1068 3246 la
1090 3181 1199 3264 difesa
1222 3183 1260 3247 di
1279 3184 1358 3247 Meo.

379 3266 537 3329 denarie
564 3270 741 3344 impostore
770 3266 807 3328 di
828 3267 957 3346 Seneca.
1005 3268 1141 3332 Venezia
1164 3289 1228 3349 per
1250 3268 1359 3331 Deme·

377 3353 452 3412 nico
474 3350 614 3421 beclem·
649 3353 737 3415 1791.
760 3352 789 3413 8.
814 3350 883 3427 maJ.
898 3347 936 3426 ²).
981 3352 1079 3413 Habet
1101 3352 1190 3427 Dini¹
1204 3350 1357 3428 nonnulla,

377 3450 458 3513 quae
481 3431 580 3510 ipsius
603 3434 727 3512 propria
751 3440 831 3493 sunt.
861 3467 900 3478 -
945 3434 1097 3498 Nonnulla
1124 3435 1164 3498 de
1186 3437 1359 3498 Maecenate

377 3513 518 3593 tradidit,
558 3513 755 3577 Meibomium
789 3518 923 3580 maxime
960 3528 1100 3597 secutus,
1138 3521 1290 3602 Seuchay
1316 3520 1358 3580 in:

376 3599 570 3664 Reclierclzes
591 3619 651 3662 sur
671 3603 823 3666 Mecenas
837 3600 876 3679 ³).
900 3637 939 3648 -
983 3604 1099 3665 Eodem
1123 3604 1188 3666 lere
1210 3612 1358 3687 tempore,

377 3702 439 3766 quo
466 3681 647 3744 Meibomius
678 3686 771 3747 vitam
793 3688 976 3749 Maecenatis
1006 3688 1143 3769 scripsit,
1177 3689 1217 3750 de
1244 3690 1359 3751 Maece·

376 3775 446 3832 nate
468 3787 484 3828 e
508 3767 653 3830 cathedra
678 3769 797 3831 locutus
821 3777 868 3832 est
891 3772 990 3836 Andr.
1010 3767 1163 3848 Ricina&
1187 3781 1268 3836 teste
1284 3773 1360 3837 Ben-

375 3875 522 3917 nemann.
548 3857 617 3934 p.3.
637 3858 706 3919 110.
737 3856 774 3916 cl.
800 3855 960 3938 Rnlrlropf.
988 3856 1026 3918 ad
1049 3859 1159 3934 Senec.
1175 3858 1360 3938 Epist-ill.

376 3941 493 4017 p352.
524 3941 557 4004 V.
574 3942 603 4004 3.
635 3972 676 3983 —
700 3941 753 3999 ‘ln
784 3941 913 4021 epistola
946 3940 1081 4022 quadam
1111 3939 1359 4004 Franco-Gallus

379 4064 582 4076 -ξ

432 4127 457 4190 l)
493 4142 519 4178 v.
541 4129 663 4183 Biblioth.
684 4132 797 4184 Selthen.
818 4149 845 4200 p.
860 4134 919 4186 156.
940 4134 1037 4187 laudet.
1060 4150 1075 4186 a
1098 4134 1230 4195 Morere,
1248 4134 1280 4187 V.
1300 4132 1359 4194 Cel,

375 4198 401 4248 ln
420 4197 582 4264 Heidelberg.
602 4201 711 4254 Jahrbb.
733 4201 809 4254 1825.
834 4220 860 4269 p.
881 4203 941 4257 412.

427 4287 457 4353 ’1)
493 4288 526 4341 ol.
550 4288 703 4340 Burmann.
725 4291 758 4342 ad
776 4293 894 4357 Propert.
915 4294 983 4357 Eleg.
1004 4292 1047 4355 111,
1067 4292 1093 4354 7,
1111 4286 1136 4341 1.
1159 4357 1163 4364 1

427 4375 456 4439 3)
493 4379 522 4426 V.
548 4376 682 4429 Mimoir.
707 4379 739 4429 de
765 4379 893 4434 Litterot.
918 4383 947 4432 T.
969 4380 1010 4431 13.
1037 4394 1063 4444 p.
1084 4380 1114 4431 81
1131 4393 1190 4444 sqq.
1219 4379 1248 4430 T.
1266 4377 1309 4430 19.
1333 4392 1358 4444 p.

377 4441 493 4496 125-49.
515 4447 555 4498 ed.
576 4450 683 4529 Amslel.
710 4449 742 4500 cl.
765 4449 889 4519 Reimar.
909 4449 943 4500 ad
962 4449 1037 4500 Dion.
1052 4448 1127 4500 Cass
1141 4448 1223 4501 xmx.
1245 4463 1269 4501 e.
1283 4448 1324 4501 16.
