3484 5600
378 824 420 890 ²8
713 821 1026 885 MAECENATiANA.

377 1002 520 1084 proferre
544 1000 682 1064 auderet.
734 1006 861 1064 Mortem
885 1002 964 1065 adeo
986 1004 1170 1065 Maecenatis
1193 1021 1289 1085 aegre
1317 1008 1360 1068 vet

377 1093 543 1168 propterea
566 1087 635 1148 tulit
650 1089 686 1164 ¹).
738 1088 813 1148 Hinc
843 1088 935 1148 etiam
961 1088 1074 1149 tactum
1104 1088 1239 1166 videtur,
1276 1097 1310 1152 ut
1335 1098 1362 1152 et

378 1189 525 1270 proceres
558 1171 647 1233 aulae
682 1179 712 1232 et
744 1172 881 1251 populus
910 1173 1066 1233 Romanus
1094 1172 1267 1250 hominem,
1304 1181 1360 1236 tam

377 1273 545 1336 ingenuum
575 1262 668 1335 atquc
701 1255 849 1333 liberum,
885 1263 1046 1336 tantopere
1080 1255 1240 1337 diligerent
1275 1260 1360 1338 eique

379 1337 575 1416 iaverenti).
629 1342 723 1401 Porro
753 1341 991 1401 taciturnitatem
1024 1341 1093 1422 ipse
1122 1342 1283 1421 Augustus
1311 1342 1360 1403 de·

378 1423 545 1506 prehendit
566 1424 597 1483 iu
620 1425 719 1487 amico
734 1423 773 1504 3).
817 1423 992 1486 Candidum
1016 1426 1153 1505 appellat
1168 1426 1312 1489 Horatius
1327 1427 1361 1505 ⁴),

379 1509 529 1589 optimum
553 1507 632 1571 adeo
648 1508 686 1586 ⁵).
736 1510 847 1571 Animo
877 1510 933 1571 tuit
961 1510 1030 1571 torti
1055 1517 1087 1571 et
1107 1510 1204 1586 virili;
1244 1513 1307 1588 vir,
1334 1519 1362 1571 ut

379 1591 486 1668 Vetleji
507 1590 612 1654 verbis
634 1601 718 1672 utar,
743 1593 794 1653 ubi
817 1612 867 1654 res
890 1594 1025 1674 vigiliam
1048 1595 1196 1675 exigeret,
1219 1613 1297 1656 sane
1313 1614 1361 1656 cx·

379 1675 512 1753 somnis,
533 1678 702 1755 providens
725 1685 818 1758 atque
839 1678 952 1758 agendi
976 1680 1088 1740 sciens.
1132 1681 1216 1740 lnter
1236 1680 1362 1740 virtutes

379 1759 447 1821 sive
470 1758 570 1822 bonas
593 1770 677 1824 artes
699 1762 759 1825 hcc
782 1764 876 1825 etiam
896 1763 1011 1825 reteras
1028 1763 1111 1841 licet,
1135 1763 1218 1842 quod
1239 1764 1362 1840 jocosus

379 1844 435 1908 tuit
450 1844 488 1922 ⁶).
539 1846 736 1909 Prudentiam
765 1866 827 1909 non
855 1847 998 1908 laudibus
1030 1847 1140 1908 efferre
1168 1866 1230 1908 non
1264 1854 1362 1927 potes;

379 1947 448 1991 enm
462 1930 609 2007 maxime,
632 1949 713 2009 quae
735 1933 921 2010 conspicitur
940 1932 972 1991 in
993 1932 1098 1992 amicis
1121 1930 1286 2009 eligendiS,
1311 1929 1363 1993 ad·

379 2012 552 2074 sciscendis
575 2022 605 2075 et
619 2014 840 2073 conservandis
857 2013 893 2088 ⁷).
910 2045 949 2056 -
983 2014 1094 2071 Contra
1118 2019 1191 2071 sunt
1213 2013 1286 2087 toci,
1312 2014 1364 2091 qui

377 2094 409 2153 in
431 2096 605 2155 Maecenate
629 2096 723 2154 tuisse
750 2095 820 2154 vitia
845 2093 998 2173 quaedam
1022 2092 1198 2154 ostendunt.
1242 2094 1365 2156 Mollem

379 2176 517 2256 inprimis
546 2177 683 2237 animum
714 2177 889 2257 vituperant
915 2177 1049 2255 Veltejus
1078 2182 1108 2237 et
1132 2177 1267 2255 Seneca,
1298 2178 1363 2240 aiii-

379 2278 454 2340 que;
488 2259 540 2321 ille
563 2260 702 2339 quidem:
743 2262 891 2336 ‚,Simui,
931 2262 986 2338 ait,
1017 2260 1149 2342 aliquid
1171 2282 1209 2324 en
1231 2267 1362 2344 negotio

376 2345 498 2407 remitti
517 2351 644 2426 posset,
668 2347 734 2409 otio
752 2364 792 2409 nc
805 2346 959 2409 mollitiis
975 2365 1080 2427 paene
1095 2347 1188 2409 ultra
1208 2347 1363 2427 feminum

375 2426 530 2511 fluerrs,·“
557 2430 623 2491 hic:
647 2428 765 2505 Modo,
791 2430 905 2510 inquit,
929 2432 1095 2515 Licinium
1118 2431 1266 2511 divitiis,
1289 2433 1362 2513 Api-

373 2605 476 2673 χείριγσε
494 2604 540 2663 μὲν
557 2603 707 2657 διώσασθαι
724 2602 786 2664 τοὺς
803 2605 1017 2677 περιεστηκότας,
1046 2608 1090 2658 καὶ
1108 2606 1182 2672 ἐγγύς
1204 2606 1230 2658 oi
1252 2610 1361 2678 προσελ-

312 2677 320 2686 ”
375 2678 450 2725 θεῖν·
468 2670 504 2741 μὴ
523 2675 644 2741 δυνηθεὶς
663 2676 704 2735 di,
727 2674 840 2744 iypuprr
857 2676 882 2734 ἐς
900 2681 1091 2747 γραμματεῖον·
1121 2675 1293 2741 ,,Ἀνα’στηθι
1313 2676 1360 2745 ἤδη

375 2741 455 2807 aenei,
474 2741 583 2811 diucef‘
608 2744 652 2796 καὶ
670 2741 737 2796 αὐτὸ
757 2742 790 2803 ὥς
808 2746 852 2796 καὶ
870 2744 957 2817 ἕτερόν
973 2765 999 2797 τι
1016 2747 1075 2810 ἕχον
1093 2746 1117 2805 ἐς
1135 2746 1181 2799 τὸν
1198 2744 1296 2798 κόλπον
1313 2744 1360 2797 αι’»-

374 2816 424 2864 τσῦ
442 2814 561 2881 ἔρριψεν·
582 2809 644 2865 ὥστ’
664 2815 757 2867 ἐκεῖνον
773 2813 837 2883 μήτ’
858 2812 1014 2877 ἀποκτεῖναί
1036 2835 1109 2879 τινα,
1134 2827 1177 2867 και·
1199 2814 1281 2874 εὐθὺς
1304 2815 1360 2874 iia-

376 2885 512 2951 ναστῆναι.
532 2913 566 2923 -
593 2885 725 2947 Miremur
743 2882 770 2936 δ’
788 2875 835 2937 σε’νν
852 2887 897 2938 καὶ
914 2886 991 2938 ἐκεῖνο
1010 2889 1057 2954 τῆς
1073 2889 1121 2938 τοῦ
1141 2883 1361 2970 Μαικήὶκοιιεσῖρρ-

375 2956 424 3040 τοῖς
448 2955 541 3018 δεῖγμα
563 2943 609 3022 ἢν,
635 2950 676 3008 ὅτι
698 2957 735 3020 τῷ
758 2973 786 3005 τε
803 2952 965 3021 Αὐγούστῳ,
990 2957 1034 3006 καιΙ
1055 2974 1097 3007 τοι
1118 2954 1184 3022 πρὸς
1205 2973 1254 3011 τας
1277 2974 1360 3023 ορμας

376 3026 461 3074 αυτοῦ
484 3021 690 3085 ἀνθιστάμενος,
720 3020 843 3090 ᾠκείωτο,
873 3026 916 3076 καὶ
938 3029 991 3083 τοῖς
1015 3023 1104 3083 ἄλλοις
1126 3026 1205 3074 πᾶσιν
1229 3020 1360 3091 ἠρέσκετο.

376 3095 410 3146 ci.
434 3093 623 3146 Waictenaer
641 3096 671 3145 T.
691 3096 710 3146 1.
736 3109 763 3160 p.
776 3094 827 3146 407
839 3109 881 3161 sq.

433 3182 460 3246 l)
496 3182 589 3234 Scuec.
609 3184 626 3233 1.
646 3195 729 3247 supra
747 3198 773 3249 p.
786 3183 829 3235 21.
851 3186 867 3234 1.
906 3185 967 3247 uro,
984 3187 1001 3235 1.
1022 3186 1039 3238 Ι.
1059 3181 1164 3233 Τούτων
1181 3181 1208 3234 δὲ
1226 3170 1273 3232 οὖν
1291 3161 1372 3233 ἕνεκαΙ

376 3246 487 3319 ἰσχυρῶς
504 3246 586 3302 αὐτὸν
602 3247 618 3303 ὁ
634 3249 787 3315 Αὔγουστος
805 3249 930 3318 ἐπόθησε.

428 3339 457 3401 2)
493 3341 542 3389 [tio
561 3342 578 3389 1.
598 3340 613 3390 Ι.
633 3341 723 3391 Horat.
745 3342 833 3391 Carm.
855 3339 991 3402 1‚nu,7.
1021 3339 1049 3400 2,
1070 3339 1113 3400 17,
1133 3339 1168 3390 25
1185 3355 1246 3406 sqq.

426 3424 455 3489 3)
491 3426 600 3477 Sueton.
620 3429 730 3491 August.
752 3441 775 3478 c.
789 3428 832 3480 66.
864 3427 976 3494 Reliqui
1000 3426 1109 3490 (amici)
1130 3431 1257 3493 potentia
1283 3437 1361 3498 atque

376 3492 474 3561 opibus
493 3493 531 3545 ad
548 3495 630 3558 finem
650 3495 724 3545 vitae
746 3496 792 3548 sui
815 3497 945 3563 cujusque
972 3496 1082 3549 ordinis
1105 3499 1252 3567 principes
1274 3501 1361 3562 tioru-

376 3568 471 3614 eruntr
505 3578 668 3631 quamquam
691 3569 718 3616 et
742 3565 855 3629 offensis
884 3564 1138 3619 intervenientibus.
1181 3568 1361 3622 Desideravit

375 3631 450 3686 enim
468 3647 673 3700 nonnunquam,
696 3649 731 3686 ne
749 3635 783 3687 de
799 3633 929 3702 pluribus
947 3636 1085 3699 referam,
1108 3643 1133 3689 et
1152 3638 1196 3690 M.
1215 3638 1362 3706 Agrippae

374 3700 554 3771 patientiam,
579 3706 605 3752 et
623 3702 802 3757 Maecenatis
821 3704 1057 3758 taciturnitatem:
1084 3723 1165 3773 quum
1183 3706 1232 3759 itte
1251 3724 1285 3758 ea
1305 3708 1361 3759 leui

376 3770 499 3838 frigoris
528 3771 699 3839 suspicione,
731 3779 759 3826 et
784 3774 856 3841 quod
884 3773 1041 3827 Marcellus
1072 3776 1130 3828 sibi
1160 3778 1361 3840 anteferretur,

376 3839 531 3910 Mitylenae
554 3856 596 3900 se,
630 3841 740 3896 relictis
767 3843 907 3905 omnibus,
937 3845 1112 3907 contulisset,
1141 3844 1185 3898 iric
1213 3850 1361 3910 secretum,

377 3907 412 3961 de
431 3917 573 3979 comperta
593 3911 729 3965 Murenae
748 3914 955 3980 conjuratione,
984 3914 1070 3966 uxori
1091 3915 1237 3968 Terentiae
1258 3913 1362 3981 prodi-

374 3977 471 4031 disset.
510 3983 544 4034 ct.
564 3983 650 4034 Aurei.
670 3982 768 4036 Victor.
788 3984 855 4051 Epit.
882 3984 1071 4048 o.1‚17.18.
1103 3985 1136 4036 in
1159 3984 1265 4037 amicos
1288 3982 1362 4048 fidus

376 4048 485 4100 exstitit
533 4050 653 4105 Quorum
674 4052 824 4121 praecipui
847 4059 927 4104 erant
953 4052 985 4105 ob
1010 4054 1227 4106 taciturnitatem
1248 4052 1362 4104 Maece-

376 4133 443 4182 nas,
472 4119 506 4170 od
527 4120 693 4185 patientiam
718 4121 826 4174 laboris
849 4123 1064 4191 modestiamque
1089 4122 1227 4192 Aprippa.
1269 4123 1359 4174 Horat.

376 4188 460 4239 Serm.
481 4190 507 4251 1,
522 4189 551 4251 6,
568 4190 611 4242 60.
642 4191 816 4258 Respondes,
841 4198 870 4244 at
889 4198 951 4244 treus
970 4197 1010 4244 est
1031 4208 1103 4251 mos,
1127 4191 1230 4245 Pauca.

428 4274 457 4341 t)
493 4277 576 4344 Epcd.
599 4277 642 4342 lt,
661 4279 686 4331 5.
728 4309 757 4320 -
854 4282 881 4345 5)
918 4282 1149 4345 Serm.l,5‚27.

428 4367 457 4431 6)
494 4371 582 4422 Horat.
604 4369 687 4437 Epod.
707 4369 736 4433 3,
753 4370 797 4423 20.

428 4457 456 4522 ⁷)
492 4461 582 4513 Horat.
603 4462 688 4513 serm
711 4461 736 4523 l,
755 4459 784 4521 6,
803 4460 838 4512 60
854 4475 914 4526 sqq.
949 4462 975 4522 1,
992 4459 1021 4522 9,
1039 4456 1073 4510 43
1089 4472 1147 4523 sqq.
