3484 5600
614 1537 703 1644 tino
735 1584 904 1644 rinusrnr

340 1840 542 1954 mittit
576 1841 861 1954 mutilat
895 1841 1189 1954 minatio

528 2041 764 2101 nroorznnrtan
793 2046 992 2091 rnornssonr
1071 2057 1074 2062 ¹

698 2322 723 2362 P.
749 2320 772 2360 S.
796 2317 824 2357 Ι).

602 2560 726 2627 ALB.
761 2559 917 2627 tion.

269 2912 464 3021 Tironiana
488 2964 515 3018 et
540 2957 768 3019 Maecenatiana
791 2976 860 3019 mea
885 2936 994 3019 iterum
1018 2939 1172 3034 editurus,
1195 2957 1252 3017 Te·

268 3102 355 3157 oum,
383 3083 433 3142 Vir
454 3081 596 3158 illustris,
625 3082 788 3143 consilium
817 3056 1058 3174 communicavi.¹
1106 3085 1167 3160 Tu,
1193 3100 1254 3143 nou

267 3207 371 3270 sotum
394 3224 525 3268 assensu
549 3207 613 3267 Tuo
638 3205 860 3286 comprobare,
892 3206 948 3268 sad
977 3205 1131 3285 extemplo
1159 3205 1255 3269 libros
1281 3172 1287 3181 Φ

268 3330 445 3410 complures
480 3347 517 3390 ex
548 3327 829 3407 bibliothocaiua
860 3331 973 3409 insigni
1004 3329 1142 3409 tradere,
1178 3330 1256 3392 alios
1314 3403 1319 3411 ι

268 3455 441 3528 nominare,
462 3451 546 3513 unde
561 3453 733 3532 haurirem,
756 3472 836 3533 quae
851 3452 892 3515 ad
908 3454 1057 3534 opuscula
1073 3454 1255 3534 perfectiora

268 3574 434 3637 reddenda.
457 3576 603 3636 iacerent.
655 3579 755 3650 Quam
783 3577 1004 3639 humanitatem
1037 3585 1069 3639 et
1102 3596 1177 3658 erga
1205 3595 1255 3639 me

268 3701 506 3781 benignitatem,
535 3719 613 3781 quas
638 3701 764 3782 quidem
787 3702 896 3782 quavis
919 3700 978 3763 alia
994 3720 1120 3782 quoque
1140 3721 1254 3782 oppor-

269 3824 397 3885 tunitate
425 3823 499 3885 mihi
530 3826 672 3906 meisque
698 3827 764 3905 J'am
794 3827 868 3888 satis
898 3846 1054 3908 superque
1084 3825 1255 3907 ostendisti,

267 3951 375 4029 quanti
395 3950 521 4028 faciam,
546 3949 652 4012 vorbis
668 3949 773 4011 dicero
789 3967 851 4010 non
872 3968 1013 4031 possum.
1057 3948 1157 4010 Liceat
1179 3966 1256 4010 voro

268 4071 327 4132 hoc
355 4071 424 4133 ioco
453 4073 599 4135 mirificas
627 4074 697 4135 Tibi
723 4073 848 4154 publice
880 4074 986 4138 dicero
1012 4076 1128 4156 gratias
1157 4083 1188 4136 et
1217 4094 1254 4137 ex

267 4196 309 4257 ‘t'e
332 4202 440 4278 petere
463 4205 496 4259 ut
517 4198 595 4261 haec
618 4197 868 4260 commentariola
899 4196 1141 4277 qualiacunque,
1174 4214 1256 4277 quae

269 4328 352 4385 certo
382 4294 445 4387 non
471 4340 510 4385 ex
537 4323 622 4385 omni
645 4300 742 4403 parte
762 4340 865 4403 neque
889 4320 957 4383 Tibi
981 4328 1082 4401 neque
1104 4316 1171 4381 aliis
1193 4318 1253 4383 W.

268 4445 329 4507 Di).
357 4447 560 4525 satisfaciant,
597 4446 742 4528 quamvis
776 4462 900 4507 omnem
936 4443 1008 4505 dodi
1041 4462 1185 4526 oporam,
1222 4451 1256 4508 nt
