<?xml version="1.0" encoding="UTF-8"?>
<!DOCTYPE html PUBLIC "-//W3C//DTD XHTML 1.0 Transitional//EN"
    "http://www.w3.org/TR/xhtml1/DTD/xhtml1-transitional.dtd">
<html xmlns="http://www.w3.org/1999/xhtml" xml:lang="en" lang="en">
 <head>
  <title>
</title>
<meta http-equiv="Content-Type" content="text/html;charset=utf-8" />
  <meta name='ocr-system' content='tesseract 3.04.00' />
  <meta name='ocr-capabilities' content='ocr_page ocr_carea ocr_par ocr_line ocrx_word'/>
</head>
<body>
  <div class='ocr_page' id='page_1' title='image "./tironianaetmaec00tirogoog_0044.png"; bbox 0 0 3484 5600; ppageno 0'>
   <div class='ocr_carea' id='block_1_1' title="bbox 389 793 1044 859">
    <p class='ocr_par' dir='ltr' id='par_1_1' title="bbox 389 793 1044 859">
     <span class='ocr_line' id='line_1_1' title="bbox 389 793 1044 859; baseline -0.006 -1"><span class='ocrx_word' id='word_1_1' title='bbox 389 797 431 859; x_wconf 80' lang='lat'><strong>32</strong></span> <span class='ocrx_word' id='word_1_2' title='bbox 732 793 1044 857; x_wconf 80' lang='lat' dir='ltr'><strong>MAECENATIANA.</strong></span> 
     </span>
    </p>
   </div>
   <div class='ocr_carea' id='block_1_2' title="bbox 376 971 1380 3159">
    <p class='ocr_par' dir='ltr' id='par_1_2' title="bbox 376 971 1380 3159">
     <span class='ocr_line' id='line_1_2' title="bbox 387 971 1366 1053; baseline 0.004 -20"><span class='ocrx_word' id='word_1_3' title='bbox 387 990 514 1053; x_wconf 91' lang='lat' dir='ltr'><strong>quoque</strong></span> <span class='ocrx_word' id='word_1_4' title='bbox 535 971 711 1052; x_wconf 88' lang='lat' dir='ltr'><strong>bominem,</strong></span> <span class='ocrx_word' id='word_1_5' title='bbox 733 974 851 1035; x_wconf 81' lang='lat' dir='ltr'>morbis</span> <span class='ocrx_word' id='word_1_6' title='bbox 876 975 1017 1036; x_wconf 85' lang='lat' dir='ltr'><strong>aflectum</strong></span> <span class='ocrx_word' id='word_1_7' title='bbox 1037 973 1076 1051; x_wconf 87' lang='lat'><strong>¹),</strong></span> <span class='ocrx_word' id='word_1_8' title='bbox 1104 976 1152 1036; x_wconf 93' lang='lat' dir='ltr'><strong>cui</strong></span> <span class='ocrx_word' id='word_1_9' title='bbox 1176 975 1309 1037; x_wconf 77' lang='lat' dir='ltr'><strong>libenter</strong></span> <span class='ocrx_word' id='word_1_10' title='bbox 1328 979 1366 1037; x_wconf 83' lang='lat' dir='ltr'><strong>ri·</strong></span> 
     </span>
     <span class='ocr_line' id='line_1_3' title="bbox 387 1056 1368 1140; baseline 0.004 -22"><span class='ocrx_word' id='word_1_11' title='bbox 387 1066 448 1118; x_wconf 88' lang='lat' dir='ltr'><strong>tarn</strong></span> <span class='ocrx_word' id='word_1_12' title='bbox 472 1056 658 1119; x_wconf 89' lang='lat' dir='ltr'><strong>molliculam</strong></span> <span class='ocrx_word' id='word_1_13' title='bbox 681 1059 847 1120; x_wconf 89' lang='lat' dir='ltr'><strong>condones.</strong></span> <span class='ocrx_word' id='word_1_14' title='bbox 889 1058 936 1119; x_wconf 87' lang='lat' dir='ltr'><strong>Ad</strong></span> <span class='ocrx_word' id='word_1_15' title='bbox 958 1059 1029 1137; x_wconf 90' lang='lat' dir='ltr'><strong>hoe,</strong></span> <span class='ocrx_word' id='word_1_16' title='bbox 1053 1062 1104 1139; x_wconf 89' lang='lat' dir='ltr'><strong>qui</strong></span> <span class='ocrx_word' id='word_1_17' title='bbox 1128 1066 1172 1120; x_wconf 94' lang='lat' dir='ltr'><strong>tot</strong></span> <span class='ocrx_word' id='word_1_18' title='bbox 1193 1062 1323 1140; x_wconf 87' lang='lat' dir='ltr'><strong>negotiis</strong></span> <span class='ocrx_word' id='word_1_19' title='bbox 1343 1069 1368 1123; x_wconf 89' lang='lat' dir='ltr'><strong>et</strong></span> 
     </span>
     <span class='ocr_line' id='line_1_4' title="bbox 388 1142 1366 1224; baseline 0.005 -23"><span class='ocrx_word' id='word_1_20' title='bbox 388 1142 441 1220; x_wconf 90' lang='lat' dir='ltr'><strong>iis,</strong></span> <span class='ocrx_word' id='word_1_21' title='bbox 473 1160 553 1221; x_wconf 92' lang='lat' dir='ltr'><strong>quae</strong></span> <span class='ocrx_word' id='word_1_22' title='bbox 581 1142 621 1202; x_wconf 95' lang='lat' dir='ltr'><strong>ad</strong></span> <span class='ocrx_word' id='word_1_23' title='bbox 652 1143 876 1222; x_wconf 80' lang='lat' dir='ltr'><strong>rempublicam</strong></span> <span class='ocrx_word' id='word_1_24' title='bbox 900 1150 1052 1223; x_wconf 87' lang='lat' dir='ltr'><strong>spectant,</strong></span> <span class='ocrx_word' id='word_1_25' title='bbox 1084 1151 1114 1203; x_wconf 92' lang='lat' dir='ltr'><strong>et</strong></span> <span class='ocrx_word' id='word_1_26' title='bbox 1141 1145 1192 1223; x_wconf 88' lang='lat' dir='ltr'><strong>iis,</strong></span> <span class='ocrx_word' id='word_1_27' title='bbox 1225 1164 1307 1224; x_wconf 91' lang='lat' dir='ltr'><strong>qnae</strong></span> <span class='ocrx_word' id='word_1_28' title='bbox 1333 1146 1366 1206; x_wconf 94' lang='lat' dir='ltr'><strong>ad</strong></span> 
     </span>
     <span class='ocr_line' id='line_1_5' title="bbox 388 1226 1366 1307; baseline 0.004 -21"><span class='ocrx_word' id='word_1_29' title='bbox 388 1226 492 1287; x_wconf 77' lang='lat' dir='ltr'>literas</span> <span class='ocrx_word' id='word_1_30' title='bbox 520 1228 687 1306; x_wconf 74' lang='lat' dir='ltr'><strong>pertinent,</strong></span> <span class='ocrx_word' id='word_1_31' title='bbox 721 1227 853 1288; x_wconf 90' lang='lat' dir='ltr'><strong>obrutus</strong></span> <span class='ocrx_word' id='word_1_32' title='bbox 882 1234 961 1306; x_wconf 89' lang='lat' dir='ltr'><strong>erat,</strong></span> <span class='ocrx_word' id='word_1_33' title='bbox 991 1226 1096 1307; x_wconf 90' lang='lat' dir='ltr'><strong>quidni</strong></span> <span class='ocrx_word' id='word_1_34' title='bbox 1128 1228 1286 1289; x_wconf 89' lang='lat' dir='ltr'><strong>interdum</strong></span> <span class='ocrx_word' id='word_1_35' title='bbox 1312 1231 1366 1291; x_wconf 92' lang='lat' dir='ltr'><strong>otio</strong></span> 
     </span>
     <span class='ocr_line' id='line_1_6' title="bbox 388 1309 1366 1391; baseline 0.004 -20"><span class='ocrx_word' id='word_1_36' title='bbox 388 1330 446 1371; x_wconf 92' lang='lat' dir='ltr'><strong>suo</strong></span> <span class='ocrx_word' id='word_1_37' title='bbox 468 1309 662 1390; x_wconf 71' lang='lat' dir='ltr'><strong>indulgeret?</strong></span> <span class='ocrx_word' id='word_1_38' title='bbox 693 1313 800 1390; x_wconf 84' lang='lat' dir='ltr'><strong>Neque</strong></span> <span class='ocrx_word' id='word_1_39' title='bbox 823 1311 901 1372; x_wconf 89' lang='lat' dir='ltr'><strong>adeo</strong></span> <span class='ocrx_word' id='word_1_40' title='bbox 922 1313 952 1371; x_wconf 93' lang='lat' dir='ltr'><strong>in</strong></span> <span class='ocrx_word' id='word_1_41' title='bbox 977 1317 1021 1372; x_wconf 91' lang='lat' dir='ltr'><strong>tot</strong></span> <span class='ocrx_word' id='word_1_42' title='bbox 1041 1313 1174 1391; x_wconf 85' lang='lat' dir='ltr'><strong>negotiis</strong></span> <span class='ocrx_word' id='word_1_43' title='bbox 1195 1315 1256 1373; x_wconf 92' lang='lat' dir='ltr'><strong>otio</strong></span> <span class='ocrx_word' id='word_1_44' title='bbox 1278 1315 1366 1375; x_wconf 90' lang='lat' dir='ltr'><strong>nimio</strong></span> 
     </span>
     <span class='ocr_line' id='line_1_7' title="bbox 388 1393 1367 1476; baseline 0.003 -20"><span class='ocrx_word' id='word_1_45' title='bbox 388 1414 424 1456; x_wconf 92' lang='lat' dir='ltr'><strong>se</strong></span> <span class='ocrx_word' id='word_1_46' title='bbox 448 1393 564 1455; x_wconf 82' lang='lat' dir='ltr'><strong>dedere</strong></span> <span class='ocrx_word' id='word_1_47' title='bbox 592 1397 619 1456; x_wconf 87' lang='lat' dir='ltr'><strong>ei</strong></span> <span class='ocrx_word' id='word_1_48' title='bbox 650 1395 773 1456; x_wconf 87' lang='lat' dir='ltr'><strong>licuisse</strong></span> <span class='ocrx_word' id='word_1_49' title='bbox 804 1396 954 1475; x_wconf 87' lang='lat' dir='ltr'><strong>suspicari</strong></span> <span class='ocrx_word' id='word_1_50' title='bbox 978 1395 1050 1457; x_wconf 91' lang='lat' dir='ltr'><strong>licet</strong></span> <span class='ocrx_word' id='word_1_51' title='bbox 1063 1395 1101 1474; x_wconf 75' lang='lat'><strong>²).</strong></span> <span class='ocrx_word' id='word_1_52' title='bbox 1146 1398 1254 1476; x_wconf 89' lang='lat' dir='ltr'><strong>Neque</strong></span> <span class='ocrx_word' id='word_1_53' title='bbox 1279 1399 1367 1459; x_wconf 89' lang='lat' dir='ltr'><strong>Hora·</strong></span> 
     </span>
     <span class='ocr_line' id='line_1_8' title="bbox 388 1479 1367 1561; baseline 0 -21"><span class='ocrx_word' id='word_1_54' title='bbox 388 1481 464 1540; x_wconf 88' lang='lat' dir='ltr'><strong>tium</strong></span> <span class='ocrx_word' id='word_1_55' title='bbox 480 1480 523 1555; x_wconf 81' lang='lat'><strong>³),</strong></span> <span class='ocrx_word' id='word_1_56' title='bbox 547 1480 716 1559; x_wconf 82' lang='lat' dir='ltr'><strong>Virgilium,</strong></span> <span class='ocrx_word' id='word_1_57' title='bbox 738 1480 826 1559; x_wconf 90' lang='lat' dir='ltr'><strong>alios,</strong></span> <span class='ocrx_word' id='word_1_58' title='bbox 848 1479 959 1555; x_wconf 89' lang='lat' dir='ltr'><strong>bonos,</strong></span> <span class='ocrx_word' id='word_1_59' title='bbox 982 1480 1100 1561; x_wconf 93' lang='lat' dir='ltr'><strong>probos</strong></span> <span class='ocrx_word' id='word_1_60' title='bbox 1124 1480 1275 1558; x_wconf 88' lang='lat' dir='ltr'><strong>homines,</strong></span> <span class='ocrx_word' id='word_1_61' title='bbox 1301 1483 1367 1543; x_wconf 90' lang='lat' dir='ltr'><strong>tanti</strong></span> 
     </span>
     <span class='ocr_line' id='line_1_9' title="bbox 389 1556 1379 1645; baseline 0.002 -21"><span class='ocrx_word' id='word_1_62' title='bbox 389 1565 524 1626; x_wconf 85' lang='lat' dir='ltr'><strong>tacturos</strong></span> <span class='ocrx_word' id='word_1_63' title='bbox 553 1570 678 1643; x_wconf 87' lang='lat' dir='ltr'><strong>tamque</strong></span> <span class='ocrx_word' id='word_1_64' title='bbox 708 1566 870 1645; x_wconf 87' lang='lat' dir='ltr'><strong>magnifice</strong></span> <span class='ocrx_word' id='word_1_65' title='bbox 901 1565 1112 1626; x_wconf 90' lang='lat' dir='ltr'><strong>celebraturos</strong></span> <span class='ocrx_word' id='word_1_66' title='bbox 1150 1565 1246 1627; x_wconf 89' lang='lat' dir='ltr'><strong>luisse</strong></span> <span class='ocrx_word' id='word_1_67' title='bbox 1282 1556 1379 1627; x_wconf 81' lang='lat' dir='ltr'><strong>oredo’</strong></span> 
     </span>
     <span class='ocr_line' id='line_1_10' title="bbox 388 1646 1368 1726; baseline 0.001 -18"><span class='ocrx_word' id='word_1_68' title='bbox 388 1648 557 1723; x_wconf 88' lang='lat' dir='ltr'><strong>bominem,</strong></span> <span class='ocrx_word' id='word_1_69' title='bbox 594 1646 717 1726; x_wconf 90' lang='lat' dir='ltr'><strong>qualem</strong></span> <span class='ocrx_word' id='word_1_70' title='bbox 748 1649 838 1710; x_wconf 88' lang='lat' dir='ltr'><strong>nobis</strong></span> <span class='ocrx_word' id='word_1_71' title='bbox 869 1649 1004 1711; x_wconf 90' lang='lat' dir='ltr'><strong>ostendit</strong></span> <span class='ocrx_word' id='word_1_72' title='bbox 1033 1649 1159 1710; x_wconf 79' lang='lat' dir='ltr'><strong>Seneca.</strong></span> <span class='ocrx_word' id='word_1_73' title='bbox 1214 1652 1368 1712; x_wconf 83' lang='lat' dir='ltr'><strong>Horatium</strong></span> 
     </span>
     <span class='ocr_line' id='line_1_11' title="bbox 389 1730 1368 1814; baseline 0 -21"><span class='ocrx_word' id='word_1_74' title='bbox 389 1749 462 1793; x_wconf 86' lang='lat' dir='ltr'><strong>vero</strong></span> <span class='ocrx_word' id='word_1_75' title='bbox 487 1730 627 1793; x_wconf 85' lang='lat' dir='ltr'><strong>ridemus</strong></span> <span class='ocrx_word' id='word_1_76' title='bbox 650 1731 809 1795; x_wconf 91' lang='lat' dir='ltr'><strong>celebrare</strong></span> <span class='ocrx_word' id='word_1_77' title='bbox 832 1740 862 1794; x_wconf 90' lang='lat' dir='ltr'><strong>et</strong></span> <span class='ocrx_word' id='word_1_78' title='bbox 884 1734 1040 1814; x_wconf 86' lang='lat' dir='ltr'><strong>publicam</strong></span> <span class='ocrx_word' id='word_1_79' title='bbox 1064 1734 1197 1795; x_wconf 86' lang='lat' dir='ltr'><strong>reddere</strong></span> <span class='ocrx_word' id='word_1_80' title='bbox 1219 1735 1368 1796; x_wconf 82' lang='lat' dir='ltr'><strong>luxuriam</strong></span> 
     </span>
     <span class='ocr_line' id='line_1_12' title="bbox 388 1815 1367 1899; baseline 0.001 -22"><span class='ocrx_word' id='word_1_81' title='bbox 388 1817 478 1877; x_wconf 90' lang='lat' dir='ltr'><strong>amici</strong></span> <span class='ocrx_word' id='word_1_82' title='bbox 495 1815 533 1894; x_wconf 84' lang='lat'><strong>⁴).</strong></span> <span class='ocrx_word' id='word_1_83' title='bbox 583 1817 670 1878; x_wconf 92' lang='lat' dir='ltr'><strong>Unde</strong></span> <span class='ocrx_word' id='word_1_84' title='bbox 699 1818 781 1879; x_wconf 91' lang='lat' dir='ltr'><strong>haud</strong></span> <span class='ocrx_word' id='word_1_85' title='bbox 811 1819 929 1899; x_wconf 90' lang='lat' dir='ltr'><strong>inepta,</strong></span> <span class='ocrx_word' id='word_1_86' title='bbox 960 1817 1067 1894; x_wconf 90' lang='lat' dir='ltr'><strong>eredo,</strong></span> <span class='ocrx_word' id='word_1_87' title='bbox 1103 1819 1239 1898; x_wconf 86' lang='lat' dir='ltr'><strong>suspicio</strong></span> <span class='ocrx_word' id='word_1_88' title='bbox 1266 1822 1367 1896; x_wconf 88' lang='lat' dir='ltr'><strong>oritur,</strong></span> 
     </span>
     <span class='ocr_line' id='line_1_13' title="bbox 388 1901 1368 1983; baseline 0.002 -22"><span class='ocrx_word' id='word_1_89' title='bbox 388 1901 594 1962; x_wconf 81' lang='lat' dir='ltr'><strong>Maecenatem</strong></span> <span class='ocrx_word' id='word_1_90' title='bbox 625 1920 686 1963; x_wconf 90' lang='lat' dir='ltr'><strong>non</strong></span> <span class='ocrx_word' id='word_1_91' title='bbox 715 1904 808 1978; x_wconf 89' lang='lat' dir='ltr'><strong>ultro,</strong></span> <span class='ocrx_word' id='word_1_92' title='bbox 847 1911 877 1963; x_wconf 89' lang='lat' dir='ltr'><strong>et</strong></span> <span class='ocrx_word' id='word_1_93' title='bbox 904 1902 1003 1982; x_wconf 86' lang='lat' dir='ltr'><strong>quod¹</strong></span> <span class='ocrx_word' id='word_1_94' title='bbox 1023 1903 1081 1980; x_wconf 89' lang='lat' dir='ltr'><strong>ipsi</strong></span> <span class='ocrx_word' id='word_1_95' title='bbox 1109 1901 1278 1962; x_wconf 87' lang='lat' dir='ltr'><strong>admodum</strong></span> <span class='ocrx_word' id='word_1_96' title='bbox 1308 1903 1368 1983; x_wconf 88' lang='lat' dir='ltr'><strong>pla-</strong></span> 
     </span>
     <span class='ocr_line' id='line_1_14' title="bbox 388 1984 1369 2064; baseline 0.003 -20"><span class='ocrx_word' id='word_1_97' title='bbox 388 1986 498 2062; x_wconf 89' lang='lat' dir='ltr'><strong>cuerit,</strong></span> <span class='ocrx_word' id='word_1_98' title='bbox 534 1984 665 2045; x_wconf 88' lang='lat' dir='ltr'><strong>molliter</strong></span> <span class='ocrx_word' id='word_1_99' title='bbox 694 2004 728 2045; x_wconf 92' lang='lat' dir='ltr'><strong>se</strong></span> <span class='ocrx_word' id='word_1_100' title='bbox 757 1988 909 2064; x_wconf 83' lang='lat' dir='ltr'><strong>gessisse,</strong></span> <span class='ocrx_word' id='word_1_101' title='bbox 948 1984 1004 2044; x_wconf 90' lang='lat' dir='ltr'><strong>sed</strong></span> <span class='ocrx_word' id='word_1_102' title='bbox 1035 1992 1068 2044; x_wconf 91' lang='lat' dir='ltr'><strong>nt</strong></span> <span class='ocrx_word' id='word_1_103' title='bbox 1097 1986 1179 2061; x_wconf 89' lang='lat' dir='ltr'><strong>apud</strong></span> <span class='ocrx_word' id='word_1_104' title='bbox 1210 1988 1369 2063; x_wconf 88' lang='lat' dir='ltr'><strong>populum,</strong></span> 
     </span>
     <span class='ocr_line' id='line_1_15' title="bbox 387 2067 1370 2147; baseline 0.002 -21"><span class='ocrx_word' id='word_1_105' title='bbox 387 2069 434 2126; x_wconf 90' lang='lat' dir='ltr'><strong>cui</strong></span> <span class='ocrx_word' id='word_1_106' title='bbox 458 2068 527 2144; x_wconf 90' lang='lat' dir='ltr'><strong>ipse</strong></span> <span class='ocrx_word' id='word_1_107' title='bbox 549 2068 677 2126; x_wconf 88' lang='lat' dir='ltr'><strong>mirifice</strong></span> <span class='ocrx_word' id='word_1_108' title='bbox 700 2067 872 2145; x_wconf 90' lang='lat' dir='ltr'><strong>placuit),</strong></span> <span class='ocrx_word' id='word_1_109' title='bbox 902 2067 1047 2145; x_wconf 87' lang='lat' dir='ltr'><strong>principi,</strong></span> <span class='ocrx_word' id='word_1_110' title='bbox 1078 2068 1175 2126; x_wconf 89' lang='lat' dir='ltr'><strong>amico</strong></span> <span class='ocrx_word' id='word_1_111' title='bbox 1199 2085 1272 2143; x_wconf 93' lang='lat' dir='ltr'><strong>suo,</strong></span> <span class='ocrx_word' id='word_1_112' title='bbox 1297 2089 1370 2147; x_wconf 90' lang='lat' dir='ltr'><strong>gra-</strong></span> 
     </span>
     <span class='ocr_line' id='line_1_16' title="bbox 386 2148 1370 2231; baseline 0.002 -21"><span class='ocrx_word' id='word_1_113' title='bbox 386 2150 457 2210; x_wconf 85' lang='lat' dir='ltr'><strong>tiam</strong></span> <span class='ocrx_word' id='word_1_114' title='bbox 480 2156 572 2227; x_wconf 91' lang='lat' dir='ltr'><strong>atque</strong></span> <span class='ocrx_word' id='word_1_115' title='bbox 596 2150 732 2208; x_wconf 85' lang='lat' dir='ltr'><strong>lavorem</strong></span> <span class='ocrx_word' id='word_1_116' title='bbox 755 2156 894 2228; x_wconf 89' lang='lat' dir='ltr'><strong>pareret,</strong></span> <span class='ocrx_word' id='word_1_117' title='bbox 918 2156 952 2209; x_wconf 94' lang='lat' dir='ltr'><strong>ut</strong></span> <span class='ocrx_word' id='word_1_118' title='bbox 972 2148 1103 2228; x_wconf 88' lang='lat' dir='ltr'><strong>populus</strong></span> <span class='ocrx_word' id='word_1_119' title='bbox 1125 2149 1280 2209; x_wconf 82' lang='lat' dir='ltr'><strong>Romanus</strong></span> <span class='ocrx_word' id='word_1_120' title='bbox 1305 2154 1370 2231; x_wconf 89' lang='lat' dir='ltr'><strong>pri-</strong></span> 
     </span>
     <span class='ocr_line' id='line_1_17' title="bbox 384 2230 1369 2333; baseline 0.003 -40"><span class='ocrx_word' id='word_1_121' title='bbox 384 2234 481 2293; x_wconf 90' lang='lat' dir='ltr'><strong>stinae</strong></span> <span class='ocrx_word' id='word_1_122' title='bbox 509 2230 692 2293; x_wconf 86' lang='lat' dir='ltr'><strong>libertatis</strong></span> <span class='ocrx_word' id='word_1_123' title='bbox 684 2251 848 2293; x_wconf 78' lang='lat' dir='ltr'><strong>immemor</strong></span> <span class='ocrx_word' id='word_1_124' title='bbox 878 2232 1073 2310; x_wconf 89' lang='lat' dir='ltr'><strong>servitutem,</strong></span> <span class='ocrx_word' id='word_1_125' title='bbox 1101 2251 1209 2313; x_wconf 86' lang='lat' dir='ltr'><strong>quam</strong></span> <span class='ocrx_word' id='word_1_126' title='bbox 1240 2234 1369 2333; x_wconf 80' lang='lat' dir='ltr'><strong>subiret,</strong></span> 
     </span>
     <span class='ocr_line' id='line_1_18' title="bbox 383 2314 1368 2394; baseline 0.003 -18"><span class='ocrx_word' id='word_1_127' title='bbox 383 2334 444 2377; x_wconf 95' lang='lat' dir='ltr'><strong>non</strong></span> <span class='ocrx_word' id='word_1_128' title='bbox 469 2314 546 2376; x_wconf 89' lang='lat' dir='ltr'><strong>adeo</strong></span> <span class='ocrx_word' id='word_1_129' title='bbox 569 2317 709 2392; x_wconf 87' lang='lat' dir='ltr'><strong>sentiret,</strong></span> <span class='ocrx_word' id='word_1_130' title='bbox 732 2317 826 2376; x_wconf 90' lang='lat' dir='ltr'><strong>immo</strong></span> <span class='ocrx_word' id='word_1_131' title='bbox 845 2316 977 2376; x_wconf 89' lang='lat' dir='ltr'><strong>libenter</strong></span> <span class='ocrx_word' id='word_1_132' title='bbox 994 2317 1139 2394; x_wconf 71' lang='lat' dir='ltr'><strong>ferreti).</strong></span> <span class='ocrx_word' id='word_1_133' title='bbox 1174 2319 1261 2388; x_wconf 88' lang='lat' dir='ltr'><strong>Quae</strong></span> <span class='ocrx_word' id='word_1_134' title='bbox 1277 2321 1368 2379; x_wconf 90' lang='lat' dir='ltr'><strong>animi</strong></span> 
     </span>
     <span class='ocr_line' id='line_1_19' title="bbox 386 2401 1367 2479; baseline 0.003 -19"><span class='ocrx_word' id='word_1_135' title='bbox 386 2401 527 2460; x_wconf 86' lang='lat' dir='ltr'><strong>voluntas</strong></span> <span class='ocrx_word' id='word_1_136' title='bbox 551 2407 643 2479; x_wconf 88' lang='lat' dir='ltr'><strong>atque</strong></span> <span class='ocrx_word' id='word_1_137' title='bbox 664 2418 789 2460; x_wconf 90' lang='lat' dir='ltr'><strong>omnmo</strong></span> <span class='ocrx_word' id='word_1_138' title='bbox 800 2402 985 2462; x_wconf 82' lang='lat' dir='ltr'><strong>Maecenatis</strong></span> <span class='ocrx_word' id='word_1_139' title='bbox 1008 2419 1111 2462; x_wconf 89' lang='lat' dir='ltr'><strong>mores</strong></span> <span class='ocrx_word' id='word_1_140' title='bbox 1126 2403 1164 2461; x_wconf 90' lang='lat' dir='ltr'><strong>ita</strong></span> <span class='ocrx_word' id='word_1_141' title='bbox 1180 2410 1269 2464; x_wconf 89' lang='lat' dir='ltr'><strong>erant</strong></span> <span class='ocrx_word' id='word_1_142' title='bbox 1286 2424 1367 2465; x_wconf 89' lang='lat' dir='ltr'><strong>com-</strong></span> 
     </span>
     <span class='ocr_line' id='line_1_20' title="bbox 383 2485 1365 2566; baseline 0.003 -22"><span class='ocrx_word' id='word_1_143' title='bbox 383 2485 498 2564; x_wconf 92' lang='lat' dir='ltr'><strong>parati,</strong></span> <span class='ocrx_word' id='word_1_144' title='bbox 521 2490 555 2544; x_wconf 91' lang='lat' dir='ltr'><strong>ut</strong></span> <span class='ocrx_word' id='word_1_145' title='bbox 577 2487 714 2564; x_wconf 82' lang='lat' dir='ltr'><strong>Augusto</strong></span> <span class='ocrx_word' id='word_1_146' title='bbox 736 2504 799 2545; x_wconf 91' lang='lat' dir='ltr'><strong>non</strong></span> <span class='ocrx_word' id='word_1_147' title='bbox 823 2485 947 2565; x_wconf 88' lang='lat' dir='ltr'><strong>placere</strong></span> <span class='ocrx_word' id='word_1_148' title='bbox 970 2503 1031 2545; x_wconf 90' lang='lat' dir='ltr'><strong>non</strong></span> <span class='ocrx_word' id='word_1_149' title='bbox 1055 2494 1182 2565; x_wconf 88' lang='lat' dir='ltr'><strong>possent</strong></span> <span class='ocrx_word' id='word_1_150' title='bbox 1197 2485 1235 2561; x_wconf 77' lang='grc'><strong>7).</strong></span> <span class='ocrx_word' id='word_1_151' title='bbox 1270 2488 1365 2566; x_wconf 84' lang='lat' dir='ltr'><strong>lupri-</strong></span> 
     </span>
     <span class='ocr_line' id='line_1_21' title="bbox 383 2569 1365 2649; baseline 0.002 -21"><span class='ocrx_word' id='word_1_152' title='bbox 383 2570 442 2630; x_wconf 85' lang='lat' dir='ltr'><strong>mis</strong></span> <span class='ocrx_word' id='word_1_153' title='bbox 464 2569 620 2647; x_wconf 90' lang='lat' dir='ltr'><strong>ingenium</strong></span> <span class='ocrx_word' id='word_1_154' title='bbox 644 2571 711 2648; x_wconf 86' lang='lat' dir='ltr'><strong>ejus</strong></span> <span class='ocrx_word' id='word_1_155' title='bbox 741 2570 932 2630; x_wconf 91' lang='lat' dir='ltr'><strong>admiramur</strong></span> <span class='ocrx_word' id='word_1_156' title='bbox 956 2576 986 2631; x_wconf 91' lang='lat' dir='ltr'><strong>et</strong></span> <span class='ocrx_word' id='word_1_157' title='bbox 1013 2570 1222 2649; x_wconf 89' lang='lat' dir='ltr'><strong>prudentiam,</strong></span> <span class='ocrx_word' id='word_1_158' title='bbox 1253 2573 1307 2649; x_wconf 93' lang='lat' dir='ltr'><strong>qui</strong></span> <span class='ocrx_word' id='word_1_159' title='bbox 1330 2573 1365 2631; x_wconf 88' lang='lat' dir='ltr'><strong>ita</strong></span> 
     </span>
     <span class='ocr_line' id='line_1_22' title="bbox 382 2653 1367 2734; baseline 0 -20"><span class='ocrx_word' id='word_1_160' title='bbox 382 2671 418 2714; x_wconf 92' lang='lat' dir='ltr'><strong>se</strong></span> <span class='ocrx_word' id='word_1_161' title='bbox 439 2654 547 2734; x_wconf 91' lang='lat' dir='ltr'><strong>gessit,</strong></span> <span class='ocrx_word' id='word_1_162' title='bbox 576 2661 609 2712; x_wconf 93' lang='lat' dir='ltr'><strong>ut</strong></span> <span class='ocrx_word' id='word_1_163' title='bbox 632 2657 788 2733; x_wconf 82' lang='lat' dir='ltr'><strong>Augustus</strong></span> <span class='ocrx_word' id='word_1_164' title='bbox 812 2653 936 2734; x_wconf 91' lang='lat' dir='ltr'><strong>semper</strong></span> <span class='ocrx_word' id='word_1_165' title='bbox 964 2672 1035 2715; x_wconf 89' lang='lat' dir='ltr'><strong>eum</strong></span> <span class='ocrx_word' id='word_1_166' title='bbox 1059 2653 1211 2734; x_wconf 88' lang='lat' dir='ltr'><strong>diligeret,</strong></span> <span class='ocrx_word' id='word_1_167' title='bbox 1240 2656 1367 2714; x_wconf 89' lang='lat' dir='ltr'><strong>summis</strong></span> 
     </span>
     <span class='ocr_line' id='line_1_23' title="bbox 384 2737 1365 2820; baseline 0 -23"><span class='ocrx_word' id='word_1_168' title='bbox 384 2737 478 2799; x_wconf 89' lang='lat' dir='ltr'><strong>rebus</strong></span> <span class='ocrx_word' id='word_1_169' title='bbox 501 2738 693 2818; x_wconf 81' lang='lat' dir='ltr'><strong>praeficeret,</strong></span> <span class='ocrx_word' id='word_1_170' title='bbox 718 2740 884 2820; x_wconf 88' lang='lat' dir='ltr'><strong>omniaque</strong></span> <span class='ocrx_word' id='word_1_171' title='bbox 907 2740 937 2797; x_wconf 93' lang='lat' dir='ltr'><strong>in</strong></span> <span class='ocrx_word' id='word_1_172' title='bbox 961 2758 1032 2799; x_wconf 91' lang='lat' dir='ltr'><strong>eum</strong></span> <span class='ocrx_word' id='word_1_173' title='bbox 1058 2739 1137 2799; x_wconf 91' lang='lat' dir='ltr'><strong>bona</strong></span> <span class='ocrx_word' id='word_1_174' title='bbox 1161 2740 1317 2799; x_wconf 87' lang='lat' dir='ltr'><strong>conterret</strong></span> <span class='ocrx_word' id='word_1_175' title='bbox 1331 2741 1365 2816; x_wconf 84' lang='lat' dir='ltr'><strong>s).</strong></span> 
     </span>
     <span class='ocr_line' id='line_1_24' title="bbox 383 2822 1368 2904; baseline 0 -20"><span class='ocrx_word' id='word_1_176' title='bbox 383 2825 514 2884; x_wconf 83' lang='lat' dir='ltr'><strong>Animus</strong></span> <span class='ocrx_word' id='word_1_177' title='bbox 536 2822 678 2885; x_wconf 87' lang='lat' dir='ltr'><strong>videlieet</strong></span> <span class='ocrx_word' id='word_1_178' title='bbox 708 2826 736 2886; x_wconf 91' lang='lat' dir='ltr'><strong>ei</strong></span> <span class='ocrx_word' id='word_1_179' title='bbox 764 2832 829 2886; x_wconf 88' lang='lat' dir='ltr'><strong>erat</strong></span> <span class='ocrx_word' id='word_1_180' title='bbox 856 2825 1052 2904; x_wconf 88' lang='lat' dir='ltr'><strong>tranquillus,</strong></span> <span class='ocrx_word' id='word_1_181' title='bbox 1088 2823 1254 2884; x_wconf 86' lang='lat' dir='ltr'><strong>ambitione</strong></span> <span class='ocrx_word' id='word_1_182' title='bbox 1283 2823 1368 2897; x_wconf 85' lang='lat' dir='ltr'><strong>nulla¹</strong></span> 
     </span>
     <span class='ocr_line' id='line_1_25' title="bbox 376 2909 1380 2989; baseline -0.003 -19"><span class='ocrx_word' id='word_1_183' title='bbox 376 2914 531 2985; x_wconf 72' lang='lat' dir='ltr'><strong>vexatus,</strong></span> <span class='ocrx_word' id='word_1_184' title='bbox 576 2909 648 2969; x_wconf 91' lang='lat' dir='ltr'><strong>hinc</strong></span> <span class='ocrx_word' id='word_1_185' title='bbox 678 2910 792 2971; x_wconf 88' lang='lat' dir='ltr'><strong>lactum</strong></span> <span class='ocrx_word' id='word_1_186' title='bbox 821 2917 883 2987; x_wconf 91' lang='lat' dir='ltr'><strong>est,</strong></span> <span class='ocrx_word' id='word_1_187' title='bbox 920 2917 955 2969; x_wconf 92' lang='lat' dir='ltr'><strong>ut</strong></span> <span class='ocrx_word' id='word_1_188' title='bbox 982 2910 1118 2989; x_wconf 89' lang='lat' dir='ltr'><strong>equestri</strong></span> <span class='ocrx_word' id='word_1_189' title='bbox 1147 2909 1214 2968; x_wconf 91' lang='lat' dir='ltr'><strong>loco</strong></span> <span class='ocrx_word' id='word_1_190' title='bbox 1244 2924 1380 2988; x_wconf 85' lang='lat' dir='ltr'><strong>semper</strong></span> 
     </span>
     <span class='ocr_line' id='line_1_26' title="bbox 383 2991 1366 3074; baseline -0.001 -21"><span class='ocrx_word' id='word_1_191' title='bbox 383 3000 545 3054; x_wconf 89' lang='lat' dir='ltr'><strong>contentus</strong></span> <span class='ocrx_word' id='word_1_192' title='bbox 567 2994 675 3055; x_wconf 88' lang='lat' dir='ltr'><strong>altiora</strong></span> <span class='ocrx_word' id='word_1_193' title='bbox 699 3012 759 3054; x_wconf 93' lang='lat' dir='ltr'><strong>non</strong></span> <span class='ocrx_word' id='word_1_194' title='bbox 782 3002 903 3074; x_wconf 89' lang='lat' dir='ltr'><strong>peteret</strong></span> <span class='ocrx_word' id='word_1_195' title='bbox 918 2992 955 3071; x_wconf 80' lang='lat'><strong>⁹).</strong></span> <span class='ocrx_word' id='word_1_196' title='bbox 986 2994 1116 3054; x_wconf 78' lang='lat' dir='ltr'><strong>Animus</strong></span> <span class='ocrx_word' id='word_1_197' title='bbox 1137 2993 1226 3052; x_wconf 89' lang='lat' dir='ltr'><strong>etlam</strong></span> <span class='ocrx_word' id='word_1_198' title='bbox 1250 2991 1366 3069; x_wconf 90' lang='lat' dir='ltr'><strong>hilaris,</strong></span> 
     </span>
     <span class='ocr_line' id='line_1_27' title="bbox 383 3076 1367 3159; baseline 0.001 -23"><span class='ocrx_word' id='word_1_199' title='bbox 383 3077 450 3137; x_wconf 91' lang='lat' dir='ltr'><strong>talis</strong></span> <span class='ocrx_word' id='word_1_200' title='bbox 477 3079 528 3157; x_wconf 92' lang='lat' dir='ltr'><strong>qui</strong></span> <span class='ocrx_word' id='word_1_201' title='bbox 556 3077 597 3138; x_wconf 93' lang='lat' dir='ltr'><strong>ab</strong></span> <span class='ocrx_word' id='word_1_202' title='bbox 628 3079 696 3139; x_wconf 92' lang='lat' dir='ltr'><strong>aliis</strong></span> <span class='ocrx_word' id='word_1_203' title='bbox 723 3078 819 3139; x_wconf 86' lang='lat' dir='ltr'><strong>illudi</strong></span> <span class='ocrx_word' id='word_1_204' title='bbox 839 3097 903 3140; x_wconf 91' lang='lat' dir='ltr'><strong>non</strong></span> <span class='ocrx_word' id='word_1_205' title='bbox 934 3079 1166 3159; x_wconf 89' lang='lat' dir='ltr'><strong>dedignaretur,</strong></span> <span class='ocrx_word' id='word_1_206' title='bbox 1201 3076 1232 3134; x_wconf 90' lang='lat' dir='ltr'><strong>in</strong></span> <span class='ocrx_word' id='word_1_207' title='bbox 1260 3077 1367 3154; x_wconf 89' lang='lat' dir='ltr'><strong>parvis</strong></span> 
     </span>
    </p>
   </div>
   <div class='ocr_carea' id='block_1_3' title="bbox 381 3160 1366 3244">
    <p class='ocr_par' dir='ltr' id='par_1_3' title="bbox 381 3160 1366 3244">
     <span class='ocr_line' id='line_1_28' title="bbox 381 3160 1366 3244; baseline 0 -25"><span class='ocrx_word' id='word_1_208' title='bbox 381 3160 477 3221; x_wconf 89' lang='lat' dir='ltr'><strong>rebus</strong></span> <span class='ocrx_word' id='word_1_209' title='bbox 500 3162 682 3241; x_wconf 89' lang='lat' dir='ltr'><strong>singularis,</strong></span> <span class='ocrx_word' id='word_1_210' title='bbox 712 3163 743 3222; x_wconf 89' lang='lat' dir='ltr'><strong>in</strong></span> <span class='ocrx_word' id='word_1_211' title='bbox 767 3165 887 3243; x_wconf 89' lang='lat' dir='ltr'><strong>magnis</strong></span> <span class='ocrx_word' id='word_1_212' title='bbox 909 3171 1066 3244; x_wconf 88' lang='lat' dir='ltr'><strong>spectatus</strong></span> <span class='ocrx_word' id='word_1_213' title='bbox 1089 3169 1119 3222; x_wconf 93' lang='lat' dir='ltr'><strong>et</strong></span> <span class='ocrx_word' id='word_1_214' title='bbox 1142 3160 1257 3236; x_wconf 70' lang='lat' dir='ltr'><strong>bonus,</strong></span> <span class='ocrx_word' id='word_1_215' title='bbox 1289 3178 1366 3239; x_wconf 92' lang='lat' dir='ltr'><strong>quo·</strong></span> 
     </span>
    </p>
   </div>
   <div class='ocr_carea' id='block_1_4' title="bbox 379 3335 1366 3676">
    <p class='ocr_par' dir='ltr' id='par_1_4' title="bbox 379 3335 1366 3676">
     <span class='ocr_line' id='line_1_29' title="bbox 435 3335 1364 3403; baseline 0.007 -19"><span class='ocrx_word' id='word_1_216' title='bbox 435 3335 462 3398; x_wconf 92' lang='lat' dir='ltr'><strong>l)</strong></span> <span class='ocrx_word' id='word_1_217' title='bbox 497 3337 588 3386; x_wconf 89' lang='lat' dir='ltr'><strong>Horat</strong></span> <span class='ocrx_word' id='word_1_218' title='bbox 609 3339 697 3389; x_wconf 90' lang='lat' dir='ltr'><strong>Carm.</strong></span> <span class='ocrx_word' id='word_1_219' title='bbox 716 3338 745 3400; x_wconf 71' lang='grc'><strong>7,</strong></span> <span class='ocrx_word' id='word_1_220' title='bbox 766 3341 811 3400; x_wconf 83' lang='grc'><strong>17,</strong></span> <span class='ocrx_word' id='word_1_221' title='bbox 828 3335 922 3403; x_wconf 76' lang='lat' dir='ltr'><strong>trsq.</strong></span> <span class='ocrx_word' id='word_1_222' title='bbox 953 3337 1067 3389; x_wconf 78' lang='lat' dir='ltr'><strong>Paeone.</strong></span> <span class='ocrx_word' id='word_1_223' title='bbox 1093 3341 1148 3388; x_wconf 91' lang='lat' dir='ltr'><strong>not.</strong></span> <span class='ocrx_word' id='word_1_224' title='bbox 1164 3338 1221 3390; x_wconf 72' lang='lat'><strong>122.</strong></span> <span class='ocrx_word' id='word_1_225' title='bbox 1252 3340 1315 3390; x_wconf 87' lang='lat' dir='ltr'><strong>Ptin.</strong></span> <span class='ocrx_word' id='word_1_226' title='bbox 1335 3341 1364 3390; x_wconf 91' lang='lat' dir='ltr'><strong>N.</strong></span> 
     </span>
     <span class='ocr_line' id='line_1_30' title="bbox 381 3402 1365 3472; baseline 0.008 -20"><span class='ocrx_word' id='word_1_227' title='bbox 381 3405 412 3453; x_wconf 86' lang='lat' dir='ltr'><strong>H.</strong></span> <span class='ocrx_word' id='word_1_228' title='bbox 434 3405 460 3463; x_wconf 86' lang='grc'><strong>7,</strong></span> <span class='ocrx_word' id='word_1_229' title='bbox 479 3402 525 3464; x_wconf 81' lang='lat'><strong>52,</strong></span> <span class='ocrx_word' id='word_1_230' title='bbox 545 3404 613 3468; x_wconf 80' lang='lat'><strong>(53.)</strong></span> <span class='ocrx_word' id='word_1_231' title='bbox 633 3406 690 3456; x_wconf 86' lang='lat' dir='ltr'><strong>fin:</strong></span> <span class='ocrx_word' id='word_1_232' title='bbox 719 3406 887 3458; x_wconf 80' lang='lat' dir='ltr'><strong>Qurbuodam</strong></span> <span class='ocrx_word' id='word_1_233' title='bbox 904 3411 1038 3472; x_wconf 79' lang='lat' dir='ltr'><strong>perpetua</strong></span> <span class='ocrx_word' id='word_1_234' title='bbox 1055 3404 1145 3468; x_wconf 71' lang='lat' dir='ltr'><strong>febris</strong></span> <span class='ocrx_word' id='word_1_235' title='bbox 1166 3413 1224 3472; x_wconf 83' lang='lat' dir='ltr'><strong>ecl,</strong></span> <span class='ocrx_word' id='word_1_236' title='bbox 1242 3408 1365 3460; x_wconf 75' lang='lat' dir='ltr'><strong>sicurc.</strong></span> 
     </span>
     <span class='ocr_line' id='line_1_31' title="bbox 380 3470 1366 3541; baseline 0.007 -19"><span class='ocrx_word' id='word_1_237' title='bbox 380 3470 551 3523; x_wconf 80' lang='lat' dir='ltr'><strong>Maecenati.</strong></span> <span class='ocrx_word' id='word_1_238' title='bbox 591 3473 703 3536; x_wconf 82' lang='lat' dir='ltr'><strong>Eidem,</strong></span> <span class='ocrx_word' id='word_1_239' title='bbox 727 3473 849 3526; x_wconf 79' lang='lat' dir='ltr'><strong>triennio</strong></span> <span class='ocrx_word' id='word_1_240' title='bbox 868 3489 1012 3541; x_wconf 78' lang='lat' dir='ltr'><strong>supremo,</strong></span> <span class='ocrx_word' id='word_1_241' title='bbox 1032 3473 1106 3524; x_wconf 82' lang='lat' dir='ltr'><strong>nullo</strong></span> <span class='ocrx_word' id='word_1_242' title='bbox 1125 3473 1211 3527; x_wconf 79' lang='lat' dir='ltr'><strong>torae</strong></span> <span class='ocrx_word' id='word_1_243' title='bbox 1231 3483 1366 3529; x_wconf 81' lang='lat' dir='ltr'><strong>momento</strong></span> 
     </span>
     <span class='ocr_line' id='line_1_32' title="bbox 379 3540 1365 3660; baseline 0.005 -69"><span class='ocrx_word' id='word_1_244' title='bbox 379 3540 497 3660; x_wconf 61' lang='lat' dir='ltr'><strong>corqtr&#39;yr&#39;t</strong></span> <span class='ocrx_word' id='word_1_245' title='bbox 516 3557 637 3594; x_wconf 69' lang='lat' dir='ltr'><strong>romarus</strong></span> <span class='ocrx_word' id='word_1_246' title='bbox 663 3543 697 3594; x_wconf 84' lang='lat' dir='ltr'><strong>ct.</strong></span> <span class='ocrx_word' id='word_1_247' title='bbox 716 3544 809 3595; x_wconf 89' lang='lat' dir='ltr'><strong>Senee.</strong></span> <span class='ocrx_word' id='word_1_248' title='bbox 830 3544 863 3595; x_wconf 90' lang='lat' dir='ltr'><strong>de</strong></span> <span class='ocrx_word' id='word_1_249' title='bbox 881 3543 988 3594; x_wconf 87' lang='lat' dir='ltr'><strong>Provid.</strong></span> <span class='ocrx_word' id='word_1_250' title='bbox 1007 3544 1023 3592; x_wconf 93' lang='grc'><strong>1.</strong></span> <span class='ocrx_word' id='word_1_251' title='bbox 1042 3543 1057 3592; x_wconf 94' lang='lat' dir='ltr'><strong>l.</strong></span> <span class='ocrx_word' id='word_1_252' title='bbox 1089 3544 1148 3595; x_wconf 86' lang='lat' dir='ltr'><strong>Vid.</strong></span> <span class='ocrx_word' id='word_1_253' title='bbox 1170 3550 1257 3597; x_wconf 88' lang='lat' dir='ltr'><strong>tamen</strong></span> <span class='ocrx_word' id='word_1_254' title='bbox 1281 3547 1365 3600; x_wconf 75' lang='lat' dir='ltr'><strong>tiolo</strong></span> 
     </span>
     <span class='ocr_line' id='line_1_33' title="bbox 379 3610 553 3676; baseline -0.012 0"><span class='ocrx_word' id='word_1_255' title='bbox 379 3625 396 3676; x_wconf 87' lang='lat' dir='ltr'><strong>r</strong></span> <span class='ocrx_word' id='word_1_256' title='bbox 442 3610 474 3660; x_wconf 82' lang='lat'><strong>61</strong></span> <span class='ocrx_word' id='word_1_257' title='bbox 493 3624 553 3675; x_wconf 78' lang='lat' dir='ltr'><strong>sou</strong></span> 
     </span>
    </p>
   </div>
   <div class='ocr_carea' id='block_1_5' title="bbox 429 3698 1363 4032">
    <p class='ocr_par' dir='ltr' id='par_1_5' title="bbox 429 3698 1363 3857">
     <span class='ocr_line' id='line_1_34' title="bbox 434 3698 1363 3767; baseline 0.004 -15"><span class='ocrx_word' id='word_1_258' title='bbox 434 3700 463 3766; x_wconf 79' lang='lat'><strong>2)</strong></span> <span class='ocrx_word' id='word_1_259' title='bbox 483 3700 554 3751; x_wconf 79' lang='lat' dir='ltr'><strong>Diui</strong></span> <span class='ocrx_word' id='word_1_260' title='bbox 573 3716 599 3766; x_wconf 90' lang='lat' dir='ltr'><strong>p.</strong></span> <span class='ocrx_word' id='word_1_261' title='bbox 617 3702 674 3752; x_wconf 84' lang='lat' dir='ltr'><strong>llll.</strong></span> <span class='ocrx_word' id='word_1_262' title='bbox 698 3727 726 3737; x_wconf 91' lang='lat'><em>-</em></span> <span class='ocrx_word' id='word_1_263' title='bbox 774 3701 803 3764; x_wconf 87' lang='grc'><strong>3)</strong></span> <span class='ocrx_word' id='word_1_264' title='bbox 822 3702 854 3752; x_wconf 86' lang='lat' dir='ltr'><strong>ci.</strong></span> <span class='ocrx_word' id='word_1_265' title='bbox 876 3698 989 3752; x_wconf 78' lang='lat' dir='ltr'><strong>lliclrter</strong></span> <span class='ocrx_word' id='word_1_266' title='bbox 1008 3703 1080 3752; x_wconf 89' lang='lat' dir='ltr'><strong>Suet.</strong></span> <span class='ocrx_word' id='word_1_267' title='bbox 1095 3705 1139 3754; x_wconf 84' lang='lat' dir='ltr'><strong>vlt.</strong></span> <span class='ocrx_word' id='word_1_268' title='bbox 1152 3705 1242 3754; x_wconf 88' lang='lat' dir='ltr'><strong>llorat.</strong></span> <span class='ocrx_word' id='word_1_269' title='bbox 1262 3718 1290 3767; x_wconf 90' lang='lat' dir='ltr'><strong>p.</strong></span> <span class='ocrx_word' id='word_1_270' title='bbox 1306 3705 1363 3756; x_wconf 84' lang='lat'><strong>163.</strong></span> 
     </span>
     <span class='ocr_line' id='line_1_35' title="bbox 429 3789 1086 3857; baseline 0.003 -15"><span class='ocrx_word' id='word_1_271' title='bbox 429 3791 457 3857; x_wconf 81' lang='lat'><strong>4)</strong></span> <span class='ocrx_word' id='word_1_272' title='bbox 475 3791 558 3857; x_wconf 84' lang='lat' dir='ltr'><strong>Epod.</strong></span> <span class='ocrx_word' id='word_1_273' title='bbox 577 3790 603 3842; x_wconf 88' lang='grc'><strong>3.</strong></span> <span class='ocrx_word' id='word_1_274' title='bbox 626 3789 666 3842; x_wconf 73' lang='lat' dir='ltr'><strong>ld.</strong></span> <span class='ocrx_word' id='word_1_275' title='bbox 691 3817 723 3828; x_wconf 93' lang='lat'><strong>-·</strong></span> <span class='ocrx_word' id='word_1_276' title='bbox 795 3791 822 3854; x_wconf 83' lang='lat'><strong>5)</strong></span> <span class='ocrx_word' id='word_1_277' title='bbox 842 3792 875 3842; x_wconf 85' lang='lat' dir='ltr'><strong>oi.</strong></span> <span class='ocrx_word' id='word_1_278' title='bbox 896 3804 970 3856; x_wconf 90' lang='lat' dir='ltr'><strong>supr.</strong></span> <span class='ocrx_word' id='word_1_279' title='bbox 995 3806 1022 3857; x_wconf 93' lang='lat' dir='ltr'><strong>p.</strong></span> <span class='ocrx_word' id='word_1_280' title='bbox 1042 3790 1086 3845; x_wconf 78' lang='lat'><strong>28.</strong></span> 
     </span>
    </p>

    <p class='ocr_par' dir='ltr' id='par_1_6' title="bbox 430 3877 1070 3948">
     <span class='ocr_line' id='line_1_36' title="bbox 430 3877 1070 3948; baseline 0.005 -18"><span class='ocrx_word' id='word_1_281' title='bbox 430 3880 459 3944; x_wconf 88' lang='grc'><strong>6)</strong></span> <span class='ocrx_word' id='word_1_282' title='bbox 479 3877 628 3931; x_wconf 77' lang='lat' dir='ltr'><strong>Blucluell</strong></span> <span class='ocrx_word' id='word_1_283' title='bbox 645 3881 661 3930; x_wconf 96' lang='grc' dir='ltr'><strong>Ι.</strong></span> <span class='ocrx_word' id='word_1_284' title='bbox 683 3880 698 3930; x_wconf 93' lang='lat' dir='ltr'><strong>l.</strong></span> <span class='ocrx_word' id='word_1_285' title='bbox 725 3893 751 3944; x_wconf 91' lang='lat' dir='ltr'><strong>p.</strong></span> <span class='ocrx_word' id='word_1_286' title='bbox 773 3878 833 3932; x_wconf 77' lang='lat'><strong>466.</strong></span> <span class='ocrx_word' id='word_1_287' title='bbox 854 3886 880 3931; x_wconf 90' lang='lat' dir='ltr'><strong>et</strong></span> <span class='ocrx_word' id='word_1_288' title='bbox 897 3882 925 3931; x_wconf 88' lang='lat'><strong>11.</strong></span> <span class='ocrx_word' id='word_1_289' title='bbox 946 3880 999 3933; x_wconf 83' lang='grc'><strong>348</strong></span> <span class='ocrx_word' id='word_1_290' title='bbox 1010 3895 1070 3948; x_wconf 91' lang='lat' dir='ltr'><strong>sqq.</strong></span> 
     </span>
    </p>

    <p class='ocr_par' dir='ltr' id='par_1_7' title="bbox 431 3967 743 4032">
     <span class='ocr_line' id='line_1_37' title="bbox 431 3967 743 4032; baseline -0.003 -13.944"><span class='ocrx_word' id='word_1_291' title='bbox 431 3967 503 4032; x_wconf 82' lang='lat' dir='ltr'><strong>7).v</strong></span> <span class='ocrx_word' id='word_1_292' title='bbox 530 3968 670 4021; x_wconf 73' lang='lat' dir='ltr'><strong>Wielaad.</strong></span> <span class='ocrx_word' id='word_1_293' title='bbox 690 3970 706 4020; x_wconf 97' lang='lat' dir='ltr'><strong>l.</strong></span> <span class='ocrx_word' id='word_1_294' title='bbox 728 3969 743 4018; x_wconf 91' lang='lat' dir='ltr'><strong>l.</strong></span> 
     </span>
    </p>
   </div>
   <div class='ocr_carea' id='block_1_6' title="bbox 375 4054 1364 4339">
    <p class='ocr_par' dir='ltr' id='par_1_8' title="bbox 375 4054 1364 4339">
     <span class='ocr_line' id='line_1_38' title="bbox 430 4054 1364 4123; baseline 0.003 -15"><span class='ocrx_word' id='word_1_295' title='bbox 430 4056 460 4121; x_wconf 85' lang='grc'><strong>8)</strong></span> <span class='ocrx_word' id='word_1_296' title='bbox 479 4056 565 4109; x_wconf 80' lang='lat' dir='ltr'><strong>Tiber.</strong></span> <span class='ocrx_word' id='word_1_297' title='bbox 586 4074 630 4123; x_wconf 75' lang='lat' dir='ltr'><strong>ap.</strong></span> <span class='ocrx_word' id='word_1_298' title='bbox 649 4058 725 4110; x_wconf 86' lang='lat' dir='ltr'><strong>Dion.</strong></span> <span class='ocrx_word' id='word_1_299' title='bbox 745 4057 792 4118; x_wconf 88' lang='grc'><strong>56,</strong></span> <span class='ocrx_word' id='word_1_300' title='bbox 809 4058 851 4111; x_wconf 84' lang='grc'><strong>38.</strong></span> <span class='ocrx_word' id='word_1_301' title='bbox 877 4054 944 4115; x_wconf 74' lang='lat' dir='ltr'><strong>Tere</strong></span> <span class='ocrx_word' id='word_1_302' title='bbox 960 4058 1234 4118; x_wconf 58' lang='grc' dir='ltr'><strong>ξυνεξιτανιθένταςι</strong></span> <span class='ocrx_word' id='word_1_303' title='bbox 1210 4078 1234 4110; x_wconf 88' lang='grc' dir='ltr'><strong>οι</strong></span> <span class='ocrx_word' id='word_1_304' title='bbox 1252 4060 1364 4118; x_wconf 77' lang='grc' dir='ltr'><strong><em>πολλαῖς</em></strong></span> 
     </span>
     <span class='ocr_line' id='line_1_39' title="bbox 377 4123 1362 4212; baseline 0.006 -38"><span class='ocrx_word' id='word_1_305' title='bbox 377 4125 421 4176; x_wconf 77' lang='grc' dir='ltr'><strong>καὶ</strong></span> <span class='ocrx_word' id='word_1_306' title='bbox 443 4123 567 4190; x_wconf 75' lang='grc' dir='ltr'><strong>μεγάλαις</strong></span> <span class='ocrx_word' id='word_1_307' title='bbox 595 4128 702 4191; x_wconf 61' lang='grc' dir='ltr'><strong><em>δωρεαῖς</em></strong></span> <span class='ocrx_word' id='word_1_308' title='bbox 719 4125 855 4212; x_wconf 72' lang='grc' dir='ltr'><strong><em>τιμήσας,</em></strong></span> <span class='ocrx_word' id='word_1_309' title='bbox 884 4124 948 4208; x_wconf 71' lang='grc' dir='ltr'><strong>αὕθ’</strong></span> <span class='ocrx_word' id='word_1_310' title='bbox 981 4124 1148 4198; x_wconf 70' lang='lat' dir='ltr'><strong>rinrpq&#39;qorrdr</strong></span> <span class='ocrx_word' id='word_1_311' title='bbox 1171 4149 1197 4180; x_wconf 81' lang='grc' dir='ltr'><strong>τι</strong></span> <span class='ocrx_word' id='word_1_312' title='bbox 1226 4127 1362 4212; x_wconf 65' lang='grc' dir='ltr'><em>πράττειν,</em></span> 
     </span>
     <span class='ocr_line' id='line_1_40' title="bbox 376 4191 1364 4285; baseline 0.003 -38"><span class='ocrx_word' id='word_1_313' title='bbox 376 4192 442 4247; x_wconf 74' lang='grc' dir='ltr'><strong>ααθ’</strong></span> <span class='ocrx_word' id='word_1_314' title='bbox 462 4191 616 4267; x_wconf 74' lang='grc' dir='ltr'><strong>ὖβρὶζενν</strong></span> <span class='ocrx_word' id='word_1_315' title='bbox 592 4211 683 4281; x_wconf 61' lang='lat' dir='ltr'><strong>rtaoqr.</strong></span> <span class='ocrx_word' id='word_1_316' title='bbox 710 4193 804 4246; x_wconf 75' lang='grc' dir='ltr'><strong>ἀλλ’</strong></span> <span class='ocrx_word' id='word_1_317' title='bbox 791 4213 843 4246; x_wconf 75' lang='lat' dir='ltr'><strong>me</strong></span> <span class='ocrx_word' id='word_1_318' title='bbox 866 4194 919 4267; x_wconf 74' lang='grc' dir='ltr'><strong>γὰρ</strong></span> <span class='ocrx_word' id='word_1_319' title='bbox 942 4193 1055 4285; x_wconf 78' lang='grc' dir='ltr'><strong><em>ἀκριβῶς</em></strong></span> <span class='ocrx_word' id='word_1_320' title='bbox 1079 4200 1122 4249; x_wconf 79' lang='grc' dir='ltr'><strong>καὶ</strong></span> <span class='ocrx_word' id='word_1_321' title='bbox 1144 4199 1170 4249; x_wconf 80' lang='lat' dir='ltr'><strong>e&#39;r</strong></span> <span class='ocrx_word' id='word_1_322' title='bbox 1192 4197 1279 4263; x_wconf 81' lang='grc' dir='ltr'><strong><em>τούτῳ</em></strong></span> <span class='ocrx_word' id='word_1_323' title='bbox 1300 4217 1364 4256; x_wconf 70' lang='lat' dir='ltr'><strong>cour</strong></span> 
     </span>
     <span class='ocr_line' id='line_1_41' title="bbox 375 4262 1359 4339; baseline 0.005 -23"><span class='ocrx_word' id='word_1_324' title='bbox 375 4283 403 4316; x_wconf 76' lang='grc' dir='ltr'><strong>τε</strong></span> <span class='ocrx_word' id='word_1_325' title='bbox 428 4263 537 4327; x_wconf 72' lang='grc' dir='ltr'><strong>ἄλλους,</strong></span> <span class='ocrx_word' id='word_1_326' title='bbox 568 4262 678 4316; x_wconf 75' lang='grc' dir='ltr'><strong><em>καὶτὸν</em></strong></span> <span class='ocrx_word' id='word_1_327' title='bbox 700 4265 857 4333; x_wconf 70' lang='grc' dir='ltr'><strong><em>Μαικήναν,</em></strong></span> <span class='ocrx_word' id='word_1_328' title='bbox 887 4268 930 4316; x_wconf 74' lang='grc' dir='ltr'><strong>καὶ</strong></span> <span class='ocrx_word' id='word_1_329' title='bbox 953 4266 999 4318; x_wconf 73' lang='grc' dir='ltr'><strong>τὸν</strong></span> <span class='ocrx_word' id='word_1_330' title='bbox 1020 4266 1177 4339; x_wconf 70' lang='grc' dir='ltr'><strong>Ἀγρίππαν.</strong></span> <span class='ocrx_word' id='word_1_331' title='bbox 1218 4269 1359 4321; x_wconf 81' lang='lat' dir='ltr'><strong>Wielortd.</strong></span> 
     </span>
    </p>
   </div>
   <div class='ocr_carea' id='block_1_7' title="bbox 376 4337 1088 4493">
    <p class='ocr_par' dir='ltr' id='par_1_9' title="bbox 376 4337 1088 4493">
     <span class='ocr_line' id='line_1_42' title="bbox 422 4337 473 4388; baseline 0 0"><span class='ocrx_word' id='word_1_332' title='bbox 422 4337 440 4388; x_wconf 92' lang='lat'><strong>6</strong></span> <span class='ocrx_word' id='word_1_333' title='bbox 459 4351 473 4388; x_wconf 91' lang='lat' dir='ltr'><strong>s</strong></span> 
     </span>
     <span class='ocr_line' id='line_1_43' title="bbox 376 4351 1088 4493; baseline 0 -15"><span class='ocrx_word' id='word_1_334' title='bbox 376 4351 402 4401; x_wconf 71' lang='lat' dir='ltr'>p</span> <span class='ocrx_word' id='word_1_335' title='bbox 425 4426 454 4489; x_wconf 88' lang='lat'><strong>9)</strong></span> <span class='ocrx_word' id='word_1_336' title='bbox 474 4352 595 4493; x_wconf 59' lang='grc' dir='ltr'><strong>ί61αυοε</strong></span> <span class='ocrx_word' id='word_1_337' title='bbox 613 4439 695 4492; x_wconf 86' lang='lat' dir='ltr'><strong>supra</strong></span> <span class='ocrx_word' id='word_1_338' title='bbox 713 4439 739 4491; x_wconf 89' lang='lat' dir='ltr'><strong>p.</strong></span> <span class='ocrx_word' id='word_1_339' title='bbox 756 4423 799 4478; x_wconf 76' lang='lat'><strong>26.</strong></span> <span class='ocrx_word' id='word_1_340' title='bbox 821 4431 911 4478; x_wconf 81' lang='lat' dir='ltr'><strong>annot.</strong></span> <span class='ocrx_word' id='word_1_341' title='bbox 927 4425 953 4478; x_wconf 77' lang='lat'><strong>2.</strong></span> <span class='ocrx_word' id='word_1_342' title='bbox 974 4426 1088 4478; x_wconf 87' lang='lat' dir='ltr'><strong>laudavi.</strong></span> 
     </span>
    </p>
   </div>
   <div class='ocr_carea' id='block_1_8' title="bbox 0 0 1746 5600">
    <p class='ocr_par' dir='ltr' id='par_1_10' title="bbox 0 0 1746 5600">
     <span class='ocr_line' id='line_1_44' title="bbox 0 0 1746 5600; baseline 0 4"><span class='ocrx_word' id='word_1_343' title='bbox 0 0 1746 5600; x_wconf 95' lang='lat' dir='ltr'><strong> </strong></span> 
     </span>
    </p>
   </div>
  </div>
 </body>
</html>
