3484 5600
598 838 909 899 auscultamus.
1207 844 1248 906 37

217 947 222 1102 Ι
260 1034 355 1101 tersa3
381 1021 477 1083 verba
500 1040 579 1082 nova
597 1022 622 1098 ¹)
646 1020 794 1081 audacter
816 1022 910 1095 tacta,
933 1022 1179 1099 comparationes
1202 1024 1248 1082 in-

217 1105 220 1136 *
261 1108 397 1186 auditae,
421 1106 587 1167 verborum
613 1106 855 1166 constructiones
876 1111 907 1163 et
922 1105 1137 1167 collocationes
1151 1106 1251 1173 inusi÷

261 1201 354 1271 tatae,
379 1191 541 1252 artificiosa
564 1189 718 1269 quaedam
741 1187 875 1249 brevitas
897 1196 927 1249 et
941 1190 1161 1250 sententiarum
1177 1210 1246 1270 gra-

261 1279 353 1357 vitas,
381 1276 523 1337 affectata
545 1274 730 1352 negligentia
747 1276 782 1349 ²).
828 1272 980 1351 Aequales
1003 1292 1128 1352 quoque
1151 1276 1247 1353 poeti-

260 1378 326 1422 cam
354 1360 530 1421 facultatem
551 1358 735 1418 Maecenatis
764 1374 875 1434 parum
903 1358 990 1435 pensi
1019 1355 1167 1418 habuisse
1200 1359 1247 1418 vel

221 1455 223 1459 ’
260 1444 330 1505 inde
353 1452 453 1523 patet,
482 1441 565 1522 quod
590 1443 655 1501 iere
678 1440 718 1500 de
740 1460 775 1501 ea
798 1440 957 1500 siluerunt.
1004 1440 1094 1512 Quod
1117 1444 1247 1502 tortasse

260 1535 387 1609 propter
421 1526 604 1588 modestiam
635 1525 782 1601 hominis,
817 1525 884 1584 sive
914 1532 1086 1586 ceterarum
1121 1526 1247 1586 laudum

260 1614 383 1693 copiam
398 1618 428 1672 el
440 1610 612 1671 ubertatem
632 1610 778 1669 iecerunt.
811 1610 987 1687 Propertius
1011 1616 1111 1669 tamen
1137 1629 1246 1689 puram

217 1696 367 1770 plaudat
396 1696 582 1769 orationem,
619 1702 651 1753 et
679 1694 778 1771 ipsius
807 1693 960 1770 Senecae,
992 1702 1025 1752 ut
1049 1693 1152 1753 verbis
1179 1702 1248 1754 utar

259 1778 424 1855 Wolfii2),
458 1787 521 1839 tam
554 1778 720 1838 honorifica
756 1784 826 1837 sunl
856 1776 896 1836 de
919 1780 1093 1836 Maecenate
1121 1777 1247 1853 judicia,

217 1883 227 1944 ι
259 1870 294 1923 ut
314 1862 430 1923 iisdem
453 1861 555 1940 quivis
577 1861 652 1922 alius
675 1879 796 1937 eorum,
824 1860 875 1938 qui
899 1858 991 1920 hodie
1013 1861 1075 1919 noti
1098 1869 1170 1920 sunt
1192 1879 1248 1940 po·

217 1953 222 2000 l
260 1954 348 2023 ctae,
372 1944 414 2007 ad
438 1944 559 2006 laudem
581 1953 740 2007 contentus
763 1962 833 2004 esse
856 1942 999 2018 debereu
1032 1942 1160 2005 Ovidius
1180 1965 1208 2005 v.
1221 1965 1246 2007 c.

217 2009 222 2128 k
262 2038 313 2091 aut
326 2032 472 2091 Lucanus
487 2027 523 2106 ⁴).
560 2030 640 2090 Vitiav
651 2029 778 2109 quidem
795 2029 861 2105 ejus
884 2047 946 2089 non
969 2028 1142 2090 dissimulat
1164 2028 1246 2089 idern

217 2135 219 2191 ι
261 2114 396 2192 Seneca,
423 2114 501 2174 inter
524 2114 642 2193 primos
656 2116 780 2174 Latinae
804 2115 951 2173 orationis
974 2121 1169 2193 corruptores
1191 2132 1247 2173 nu·

217 2227 219 2245 1
261 2216 383 2258 merans
412 2216 499 2277 eum,
537 2196 592 2258 sed
624 2198 716 2258 simul
746 2198 888 2257 eximiam
923 2199 1083 2279 scriptoris
1112 2196 1247 2258 indolem

237 2282 388 2359 extollit,
424 2301 462 2343 ac
490 2281 605 2343 diserte
637 2281 737 2342 eidern
766 2303 943 2364 ariagnem,
976 2281 1121 2364 grande,
1152 2282 1249 2346 uirile

264 2367 425 2448 ingenium
448 2366 555 2426 tribuit
569 2366 607 2441 ⁵).
683 2418 685 2421 .

472 2531 673 2592 Maecenatis
699 2548 783 2609 quae
809 2534 984 2609 supersunt
997 2527 1035 2600 tl.
1061 2547 1069 2564 ·

660 2653 678 2700 1.
715 2650 846 2701 Carmina.

322 2763 523 2838 Fragmenta,
553 2776 633 2838 quae
656 2758 755 2838 primu
780 2758 848 2819 luco
870 2763 1018 2840 apposui,
1049 2762 1248 2827 carnuntum

265 2844 459 2906 adnumerari
482 2862 577 2923 posse
601 2842 704 2903 credo.
751 2842 926 2904 Laudentur
949 2848 1098 2908 carrniuu
1121 2864 1248 2924 expres·

265 2931 302 2993 sis
328 2927 435 2990 verbis
459 2947 476 2988 a
499 2929 610 2988 Servio
632 2933 663 2987 et
685 2926 766 2990 liber
788 2927 931 2990 decimus
954 2948 972 2989 a
997 2929 1146 2989 Charisia.

310 3015 458 3079 ,Sanam
472 3014 662 3076 Honoratus
679 3010 719 3073 ad
733 3012 848 3092 Virgilii
864 3013 1028 3093 Georgica,
1051 3010 1101 3072 lib.
1111 3013 1144 3071 ll.
1161 3031 1187 3072 v.
1198 3016 1248 3076 42.

265 3100 325 3160 Vol.
349 3099 385 3155 11.
413 3116 443 3177 p.
466 3099 553 3160 233.;

324 3183 452 3242 Constat
474 3183 691 3245 Maecenatem
725 3184 819 3243 luisse
850 3182 1005 3242 literarum
1037 3182 1185 3259 peritum,
1221 3189 1250 3241 et

260 3267 361 3346 ptura
383 3267 595 3345 composuisse
616 3269 775 3330 caratiae.
814 3270 891 3328 Nam
915 3267 1005 3326 etiarn
1028 3265 1155 3344 Augusti
1173 3266 1250 3325 Cae-

263 3351 340 3411 saris
363 3355 450 3428 gesta
473 3347 653 3429 descripsit,
675 3350 759 3430 quod
783 3358 910 3412 testatur
924 3352 1065 3412 lloratius
1081 3348 1107 3426 ⁷)
1132 3348 1249 3410 dicens:

264 3437 373 3516 Tuqaee
389 3431 596 3514 pedestribus
612 3434 696 3498 dieis
714 3434 832 3514 (dices)
855 3437 1004 3500 historiis
1022 3436 1155 3517 praelia
1171 3435 1251 3498 Cae·

242 3523 364 3593 ¹sums,
389 3519 578 3594 Maecenas,
608 3521 737 3593 arelius,
768 3519 931 3602 ductuque
951 3542 1010 3602 per
1032 3525 1105 3585 nius
1127 3522 1252 3600 Regum

262 3603 350 3666 eolla
370 3603 547 3665 minacium
569 3603 791 3682 (minantium)
821 3602 844 3680 ).

315 3785 343 3848 1)
380 3786 457 3834 duct.
479 3783 545 3846 Eleg.
566 3796 590 3831 v.
613 3783 656 3833 61.
677 3782 722 3833 68;
752 3781 872 3832 Mallius
897 3798 926 3832 es
945 3780 1029 3832 salita
1048 3795 1151 3830 meeum
1173 3780 1249 3827 tacu·

262 3854 319 3912 tus',
351 3853 384 3904 Et
403 3851 456 3902 riti
474 3849 598 3901 eorssrrtta
618 3852 702 3901 verbu
722 3852 799 3914 tuere
818 3867 913 3902 noun.

312 3923 344 3986 2)
382 3921 524 3982 Meiners,
550 3918 710 3970 Genetielte
733 3920 781 3970 des
801 3918 926 3979 Vertntls
947 3916 997 3965 der
1016 3915 1103 3965 Sitten
1122 3915 1151 3964 in
1172 3913 1248 3965 llum.

262 4007 287 4056 p.
312 3990 372 4042 148.
393 3989 445 4042 299
463 4004 503 4055 sq.
537 3988 693 4040 Bluckuelt.
714 3992 743 4038 V.
759 3988 783 4038 3.
804 4004 830 4053 p.
847 3987 897 4038 457
911 4000 950 4050 sq.
1061 4029 1064 4034 ,

315 4060 346 4121 3)
381 4059 663 4124 tamnominati.
703 4087 734 4095 -
814 4057 842 4120 4)
879 4057 965 4106 Lucos
985 4068 1008 4102 v.
1030 4051 1105 4101 intra.

315 4129 345 4192 5)
380 4130 413 4180 ct.
437 4126 598 4191 dictatam,
617 4128 651 4177 de
668 4128 754 4191 primo
773 4125 892 4178 carmine
902 4123 1002 4176 Horatii
1019 4121 1113 4171 iterum
1136 4121 1250 4184 scripsit.

261 4199 318 4251 terr.
340 4198 416 4250 1843.
437 4196 462 4248 4.
489 4212 515 4262 p.
534 4195 577 4247 22.
901 4260 902 4265 Ἰ

313 4266 345 4332 6)
381 4268 415 4318 ci.
435 4265 579 4322 Fraudata
603 4282 629 4332 p.
643 4267 691 4317 161
706 4265 757 4331 sqq
806 4265 916 4317 Passum
940 4277 965 4326 p.
976 4262 1048 4312 XLV.

314 4337 344 4399 7)
380 4334 517 4397 cunt,
538 4333 692 4399 1²,9sqq.

314 4405 344 4468 8)
383 4403 571 4456 Watctenaer
590 4406 619 4455 T.
636 4407 654 4454 1.
676 4419 701 4468 p.
717 4402 776 4454 508.
802 4402 857 4452 Vid.
879 4404 967 4451 tamen
987 4395 1133 4448 Frandsen
1151 4410 1178 4462 p.
1194 4395 1250 4447 168.

263 4473 380 4526 Pnaeou
402 4475 461 4526 Not.
483 4472 542 4524 130.
836 4502 838 4507 s
