3484 5600
604 433 918 495 MAECENATlANA.
1213 438 1255 501 33

269 616 363 677 modo
387 615 457 678 aliis
480 615 657 677 bominibus
687 616 718 675 iu
746 614 942 676 commodum
967 634 1058 676 suum
1079 622 1171 697 atque
1193 618 1256 681 Au-

222 766 227 771 ,
267 701 348 781 gusti
373 706 524 779 uteretur,
554 699 637 761 baud
661 700 795 777 ignarus.
840 700 955 779 Ingenii
982 718 1114 760 acumen
1144 708 1175 762 et
1201 720 1256 762 vo-

267 785 423 865 luptatum
443 787 530 847 altior
551 802 622 845 oum
651 783 719 844 aliis
749 790 868 862 gratum
900 789 1124 864 acceptumque
1146 782 1257 846 redde-

267 868 330 929 bat.
376 869 443 930 Fuit
470 876 571 930 tamen
596 867 649 928 ubi
674 868 721 928 vir
748 867 852 928 bonus
875 885 937 928 non
959 865 1038 930 adeo
1062 864 1178 928 bonum
1201 868 1258 929 sed

268 954 344 1013 utile
365 960 532 1036 spectare-n
571 952 642 1012 binc
672 953 803 1012 tortasse
825 953 963 1030 Augusto
991 956 1099 1012 auctor
1126 952 1198 1030 fuit,
1226 959 1260 1013 ut

268 1038 432 1117 imperium
455 1037 618 1107 retineret3
642 1036 714 1095 bine
736 1035 843 1114 etiam,
867 1035 1035 1097 accedente
1057 1053 1183 1113 qnoque
1205 1036 1258 1096 otii

267 1139 390 1199 amore,
414 1120 547 1181 honores
571 1120 739 1194 recusavit;
770 1126 800 1178 et
822 1119 992 1199 prudenter
1011 1117 1041 1179 id
1068 1117 1193 1197 quidem
1216 1119 1260 1180 le·

268 1206 349 1265 cisse
371 1204 503 1264 videtur.
548 1202 631 1276 Quid
654 1204 735 1263 euim
761 1204 788 1262 ei
811 1221 891 1282 opus
919 1209 987 1264 erat
1013 1203 1134 1281 magnis
1162 1202 1259 1263 bono-

269 1288 375 1364 ribus,
407 1289 475 1367 qui,
504 1305 711 1367 quaecuuque
733 1305 847 1366 cupere
871 1293 964 1366 atque
993 1285 1173 1348 desiderare
1195 1286 1258 1348 vel-

267 1372 323 1448 let,
351 1370 511 1433 babebat‘l
554 1372 589 1430 ln
619 1369 769 1431 modestia
799 1389 921 1431 summa
951 1379 1016 1432 erat
1046 1370 1073 1430 ei
1097 1372 1258 1432 securitas.

267 1456 329 1526 Qui
353 1456 436 1514 nullo
460 1472 588 1515 munere
611 1454 813 1532 tangebatur,
836 1456 861 1513 is
885 1453 992 1516 odiosa
1015 1459 1085 1516 ase
1099 1472 1260 1515 removere

266 1539 386 1617 potuit,
417 1555 518 1615 eaque
540 1544 658 1597 tantum
680 1539 798 1614 lacere,
828 1557 909 1617 quae
934 1539 1077 1600 omuibus
1099 1544 1185 1617 grata
1209 1555 1258 1597 es·

266 1628 348 1680 seut.
401 1623 501 1699 Atque
523 1621 661 1699 Augusto
683 1621 812 1700 prorsus
841 1621 871 1681 id
895 1624 1094 1698 convenisse,
1123 1627 1157 1681 ut
1178 1622 1258 1681 Mae-

266 1723 362 1765 cenas
382 1706 522 1783 privatus
545 1722 671 1783 semper
691 1712 790 1781 esset,
813 1706 901 1766 facile
924 1706 1077 1785 intelliges
1094 1702 1129 1781 ¹).

269 1857 296 1933 ἓ.
319 1860 348 1920 3.
384 1858 434 1919 Dc
454 1859 655 1920 Maecenatis
677 1854 790 1929 domo,
815 1856 926 1934 villis,
949 1855 1073 1933 leontis,
1102 1856 1254 1938 aliisque.

336 1990 369 2047 In
396 1987 454 2049 bae
481 1987 566 2067 §pho
590 1986 711 2063 omnia,
742 2003 822 2065 quae
844 1990 971 2064 praeter
994 2002 1045 2063 ea,
1079 1983 1255 2066 dequibus

267 2071 369 2132 adbuc
397 2090 500 2131 sermo
531 2078 610 2148 erat,
648 2078 678 2130 et
707 2075 831 2150 praeter
857 2088 986 2149 operum
1017 2070 1188 2149 fragmenta
1216 2069 1256 2132 ad

265 2159 470 2217 Maecenatem
501 2161 657 2235 spectant,
687 2161 832 2233 congesta
862 2152 1056 2233 complectar.
1087 2187 1126 2197 -
1179 2155 1256 2214 Uta

266 2240 381 2320 domo,
411 2258 504 2319 quam
534 2239 691 2300 habitasse
722 2238 850 2316 dicitur,
883 2238 1004 2298 initium
1028 2238 1154 2316 faciam,
1186 2254 1256 2298 earn

266 2325 461 2405 magnificam
491 2324 586 2384 luisse
615 2322 694 2383 ultro
721 2328 815 2401 patet.
860 2323 893 2381 lu
915 2322 1061 2401 Esquiliis
1093 2322 1150 2383 sita
1181 2328 1255 2398 erat,

265 2407 488 2486 altitudineque
511 2407 653 2485 inprimis
675 2407 814 2485 insignis,
837 2406 878 2466 ita
901 2412 934 2465 ut
958 2407 1254 2469 TerrisMnecena·

265 2496 361 2556 dana
384 2499 545 2551 vocaretur
560 2491 596 2565 2).
627 2491 759 2569 lmagine
780 2490 969 2568 propositam
986 2490 1093 2551 videas
1117 2489 1186 2549 lieet
1208 2490 1254 2549 iu:

264 2578 403 2659 dllgcm.
419 2576 635 2638 Weltlristorie
647 2575 681 2634 V.
696 2578 741 2636 12.
755 2572 794 2634 ad
808 2592 879 2653 pag.
892 2578 959 2639 143.
976 2582 1005 2635 et
1021 2577 1127 2637 Lauri
1143 2573 1254 2653 Splen-

265 2660 342 2722 dore
367 2660 465 2739 Antiq.
491 2659 582 2720 Urbis
604 2660 638 2719 V.
652 2662 681 2721 2.
705 2659 756 2718 lol.
784 2662 851 2721 1114.
895 2659 971 2720 Eam
996 2657 1126 2719 traditur
1148 2659 1253 2737 Augu-

264 2752 331 2807 stus
353 2745 566 2824 frequentasse
590 2743 710 2823 quoties
732 2750 906 2822 aegrotaret
920 2743 958 2822 3).
992 2742 1105 2804 Tibure
1129 2758 1254 2822 quoque

264 2829 412 2890 babuisse
434 2828 582 2908 palatium
606 2826 690 2908 quod
713 2826 818 2887 dicunt
840 2828 937 2890 fertur
951 2827 989 2906 ⁴¹).
1032 2829 1077 2888 lbi
1109 2826 1252 2886 nimirum

264 2914 368 2974 villam
400 2931 524 2992 quoque
552 2912 676 2987 habuit;
715 2930 807 2991 quam
838 2931 938 2994 nuper
963 2911 1102 2993 depinxit
1127 2909 1254 2973 Wilson

264 2997 383 3077 anglus
399 2995 436 3074 ⁵).

318 3155 345 3219 1)
384 3154 525 3206 Wielend.
550 3172 577 3221 p.
592 3158 676 3222 lllsq.
719 3158 906 3209 Walelenaer
924 3158 953 3208 T.
969 3160 988 3207 1.
1009 3172 1035 3222 p.
1049 3155 1110 3208 200:
1137 3154 1252 3207 Mtcdne

257 3224 395 3288 jouieeail
412 3224 445 3275 de
463 3230 537 3276 tonte
555 3226 584 3277 la
601 3227 701 3290 faveae
718 3227 889 3294 d'Anquest,
914 3241 981 3277 eane
997 3226 1108 3290 jamnis
1133 3224 1174 3275 lul
1192 3223 1252 3276 ttae

263 3294 579 3428 pepprqupnhsspaisqe'd
600 3295 761 3385 de'dae'pnait
784 3296 810 3347 le
833 3312 905 3363 ranp
929 3300 955 3346 el
977 3294 1018 3346 les
1041 3293 1188 3346 lonnears.
1216 3293 1249 3345 ci.

315 3451 343 3515 2)
380 3453 469 3502 Horat.
490 3452 576 3503 Carm.
596 3453 626 3515 3,
644 3453 689 3515 29,
709 3453 748 3504 9.:
776 3451 953 3515 fastidiosam
978 3451 1073 3505 desere
1097 3451 1206 3518 copiam
1225 3452 1252 3499 el

263 3521 373 3572 Molem
393 3520 575 3589 propinquam
595 3522 711 3573 trabibus
729 3521 835 3574 arduis.
865 3525 896 3574 V.
917 3524 1002 3587 lntpp.
1023 3523 1057 3572 ed
1076 3522 1101 3571 b.
1123 3521 1139 3569 l.
1165 3517 1249 3582 epod.

262 3590 292 3652 9,
311 3590 350 3641 3.;
368 3591 417 3641 sab
436 3589 495 3640 alta
513 3591 601 3642 domo.
629 3593 703 3642 Suet.
719 3592 767 3655 rit.
788 3593 884 3643 Neron.
906 3606 929 3643 e.
945 3590 987 3641 38.
1007 3591 1078 3641 »Hoc
1093 3586 1251 3639 incendium

264 3675 278 3709 e
305 3658 399 3709 turri
424 3659 696 3711 Maecenatiana
721 3667 906 3727 prospectans
930 3659 1045 3722 (Nera),
1070 3683 1102 3692 —
1129 3650 1251 3706 ἅλωσιν

260 3727 316 3790 11ἱὲ
334 3727 431 3779 inille
449 3744 499 3780 sno
517 3729 626 3781 scenico
645 3728 739 3780 nabitu
758 3729 923 3781 decantat-il.
944 3730 1035 3778 Senec.
1056 3727 1138 3793 Epist.
1155 3724 1213 3776 114.

243 3869 254 3882 ,
315 3817 345 3881 3)
381 3821 453 3870 Suet.
475 3817 516 3870 72.
542 3820 635 3885 Aeyer
653 3818 682 3868 in
701 3819 782 3869 domo
801 3815 977 3869 Maecenatis
996 3814 1121 3868 cubabat.

287 3914 292 3922 ·
315 3904 344 3964 4)
380 3920 406 3956 v,
428 3904 560 3957 Kircler.
584 3907 713 3971 Descript.
734 3907 789 3956 bat.
810 3905 839 3967 3,
855 3904 885 3965 2,
904 3903 928 3954 4.

314 3994 342 4058 5)
379 3996 445 4046 Add.
474 3992 573 4046 leiren
598 3997 615 4045 l.
638 3997 652 4044 1,
692 3992 778 4046 Viole
800 4008 826 4058 p.
839 3990 891 4043 att
907 4005 966 4056 sqq.
1000 3992 1034 4042 cl.
1064 3989 1194 4049 Eteelace,
1223 3988 1251 4038 iu

261 4064 388 4116 Classical
406 4067 489 4125 lonc,
512 4067 568 4117 Vol.
587 4066 620 4126 11,
640 4077 663 4115 c.
682 4064 706 4114 7.

1004 4165 1021 4215 3
1108 4187 1110 4191 ,
