3484 5600
387 819 409 878 a
773 807 990 871 Tlttott'lto’t

455 995 584 1056 Mlius
616 995 709 1065 Tito,
743 995 779 1052 tt.
808 991 966 1050 Ciceronis
997 988 1139 1048 alumnus
1173 994 1205 1048 et
1233 984 1355 1065 libertis,

389 1079 573 1158 adjutorque
601 1079 632 1137 in
666 1078 763 1137 literis
795 1074 969 1135 studiorum
999 1074 1065 1150 ejus
1098 1072 1162 1132 fuit
1216 1073 1246 1133 ls
1274 1072 1356 1133 libros

388 1163 566 1309 iliis?
581 1156 1357 1326 ltbttttttttttlttttttttt

388 1335 421 1393 in
455 1333 493 1391 iis
528 1348 599 1391 esse
630 1330 790 1409 praecipui
821 1326 981 1404 videntur,
1021 1343 1103 1406 quos
1133 1324 1252 1387 Graeeo
1284 1324 1357 1386 titulo

390 1417 614 1487 Πανὸείπας
645 1414 814 1492 inscripsit,
851 1420 997 1489 tanquam
1026 1427 1118 1471 omne
1144 1426 1249 1469 rorum
1277 1416 1383 1489 atque¹

388 1500 600 1561 doctrinarum
623 1517 724 1577 genus
747 1496 940 1557 eontinentis.
984 1494 1030 1555 lbi
1052 1493 1144 1555 deiis
1160 1493 1267 1573 stellis,
1289 1510 1358 1573 quae

388 1583 585 1663 appellantur
606 1582 748 1658 suculae,
769 1581 830 1640 hoc
851 1582 1000 1658 seriptum
1022 1587 1084 1640 est:
1117 1576 1240 1657 „Adeo‚
1261 1577 1356 1657 iuquit

389 1675 533 1745 „veteres
555 1666 683 1725 Romani
708 1666 813 1725 literas
832 1663 968 1725 Graecas
990 1664 1201 1741 aestimarunt,
1225 1669 1256 1722 et
1274 1660 1358 1722 rudes

389 1750 546 1829 „Graecae
576 1749 699 1829 linguae
727 1750 865 1825 fuerunt,
897 1755 930 1807 ut
955 1748 1075 1824 stellas,
1104 1763 1185 1826 quae
1213 1747 1246 1807 in
1269 1745 1359 1825 capito

389 1835 501 1914 „Tauri
524 1842 608 1911 sunt,
640 1841 805 1914 propterea
829 1832 955 1893 suculas
978 1831 1177 1912 appellarint,
1210 1829 1359 1927 quotieas

389 1917 508 1996 ,ῥάὸας
537 1919 647 1978 Graeci
676 1926 803 1993 vocant,
839 1925 987 1995 tanquam
1015 1916 1047 1977 id
1075 1913 1205 1976 verbum
1230 1917 1357 1976 launum

388 2001 519 2078 „Graeci
545 1997 654 2081 [verbi]
678 2003 988 2077 interpretamentum
1009 2002 1061 2062 sit:
1083 2000 1154 2080 quia
1174 1999 1282 2060 Graeci
1303 1994 1358 2069 iac,

389 2101 484 2160 „sues
514 2085 617 2141 Latim
647 2083 796 2141 dieantur.
846 2082 911 2141 Sed
940 2083 1050 2159 ὑάδες,
1081 2083 1191 2164 inquit,
1219 2079 1276 2145 οὐκ
1306 2076 1359 2143 α’πὸ

388 2168 470 2243 „tuin
495 2165 573 2238 tot,
597 2164 629 2225 id
652 2173 713 2241 est,
736 2182 800 2223 non
823 2184 841 2225 a
863 2169 989 2246 suibus,
1012 2172 1051 2230 ita
1074 2177 1109 2229 ut
1128 2168 1224 2228 nomi
1243 2166 1322 2247 opioi
1336 2162 1359 2242 ¹)

388 2256 610 2328 „putaverunt
640 2248 696 2310 sed
720 2246 760 2307 ab
784 2267 839 2326 eo,
870 2252 954 2329 quod
977 2263 1026 2315 est
1048 2253 1131 2327 iarn,
1161 2250 1359 2332 appellantur3

387 2350 480 2409 „nam
504 2339 536 2392 et
558 2351 653 2410 quum
676 2334 817 2393 oriuntur
838 2344 869 2394 et
889 2357 986 2417 quum
1009 2337 1153 2399 oecidunt
1171 2341 1360 2417 tempestates
1393 2365 1396 2369 ·

387 2415 530 2494 „plutias
554 2416 721 2498 largosque
742 2416 862 2480 imbres
884 2424 978 2497 cieut3
1014 2423 1122 2502 plueoe
1138 2421 1361 2482 autemGraooa

386 2499 511 2661 „lingip
537 2500 603 2563 im
632 2502 774 2563 dicitur.“
818 2505 900 2566 llaec
927 2506 1054 2586 quidem
1084 2507 1161 2568 Tim
1188 2506 1221 2565 in
1248 2501 1362 2569 Pande

343 2609 346 2614 ·
385 2587 503 2648 caat.
1254 2635 1257 2639 ,

452 2685 488 2761 bl
511 2687 682 2769 Sosipater
704 2690 880 2757 Charisius
900 2695 1042 2755 Instituit
1063 2695 1201 2756 Gramm.
1212 2696 1247 2755 ll.
1269 2714 1299 2775 p.
1311 2692 1362 2758 tto

386 2768 433 2832 ed
456 2772 588 2837 Pul-ich.
623 2778 682 2842 1⁸23
703 2775 752 2838 ed.
775 2778 891 2842 blatii:

447 2859 623 2920 Novissime
647 2864 724 2925 Tiro
746 2863 779 2924 io
800 2862 1004 2939 Posideum)
1034 2882 1096 2924 non
1121 2872 1206 2926 recte
1233 2864 1278 2926 ait
1300 2862 1361 2937 diei,

384 2939 570 3023 adjicitque,
602 2945 688 3024 quod
717 2965 773 3008 sua
808 2949 948 3028 eoeperit
976 2955 1076 3009 aetate
1106 2947 1139 3008 id
1169 2947 1361 3021 adverbium

384 3025 437 3086 ubi
463 3027 586 3088 Flavius
619 3031 721 3109 Caper
755 3031 797 3091 de
831 3034 1005 3107 Latinitate,
1041 3035 1151 3108 miror,
1180 3034 1301 3113 inquit,
1333 3027 1362 3090 id

383 3107 502 3170 dixisse
526 3114 691 3188 Tironem,
723 3133 793 3174 oum
817 3116 957 3177 Valerius
979 3116 1088 3181 Antias
1113 3117 1194 3177 libro
1216 3113 1360 3179 seeundo:

382 3192 477 3253 llater
498 3212 569 3255 cum
592 3199 761 3259 novissima
783 3209 977 3279 aegrotasset
998 3209 1056 3261 eta.

446 3301 493 3358 Ex
516 3303 566 3361 bis
587 3305 813 3367 Pandeetarum
836 3307 926 3369 libris
950 3310 1053 3370 bausit
1074 3310 1208 3370 tortasse

447 3381 477 3456 ο)
502 3382 631 3446 Gellius
653 3390 749 3449 Noott
774 3392 833 3449 au.
862 3394 915 3469 12,
937 3397 972 3470 3,
995 3398 1035 3457 3.-

447 3467 523 3529 Tiro
548 3469 696 3544 Tollius,
732 3474 768 3530 ll.
792 3473 949 3536 Ciceronis
978 3476 1122 3556 libertus,
1152 3477 1290 3540 lictorem
1318 3475 1361 3536 vel

380 3567 397 3608 a
422 3549 493 3609 limo
519 3550 566 3609 vel
589 3570 606 3612 a
630 3551 701 3613 licio
723 3553 839 3616 dietum
855 3561 988 3640 scripsit
1033 3563 1136 3640 „licio
1159 3564 1242 3623 enim
1265 3569 1360 3624 trans·

379 3651 484 3709 verso,
513 3634 597 3713 quod
623 3636 728 3697 limum
753 3640 942 3721 appellatur,
970 3647 1025 3724 qui
1047 3644 1293 3727 magistratibus,
1319 3646 1361 3705 in·

379 3717 460 3795 quit,
490 3720 801 3800 praeministrabant‚
830 3727 918 3787 uincti
942 3731 1059 3790 erant.“
1113 3732 1239 3811 Siquis
1262 3738 1362 3791 autem

378 3809 440 3874 est,
470 3803 523 3882 qui
548 3812 713 3882 propterea
745 3817 831 3886 putet
853 3809 1045 3888 probabilius
1067 3834 1153 3892 esse,
1182 3815 1268 3895 quod
1291 3815 1363 3876 Tiro

378 3881 469 3972 dixit,
493 3888 641 3965 quoniam
664 3891 765 3967 prima
789 3894 909 3972 syllaba
932 3899 963 3956 in
985 3899 1106 3978 lictore,
1128 3900 1217 3961 sicuti
1237 3899 1268 3958 ia
1284 3897 1362 3973 licio,

385 4027 583 4040 -------..-x

432 4108 457 4169 l)
494 4111 522 4161 el
550 4111 632 4164 Klotz
651 4119 667 4167 Ι.
688 4132 711 4168 c.
737 4132 763 4181 p.
783 4117 842 4170 2⁴22.
869 4127 924 4172 not.
948 4124 1006 4174 116.

398 4269 403 4279 ⁹
427 4199 455 4264 2)
492 4206 567 4263 Quae
584 4205 625 4255 bis
645 4211 772 4273 opposuit
790 4212 866 4273 Geli,
895 4227 919 4264 v.
940 4218 1013 4280 apud
1034 4218 1123 4282 ipsum
1150 4221 1174 4282 3.
1195 4221 1212 4270 ὃ
1230 4233 1291 4285 sqq.
1328 4221 1360 4270 ol.

375 4271 458 4321 t'toer.
480 4272 513 4324 de
531 4275 586 4324 Nat
607 4274 638 4323 D.
658 4277 688 4338 2,
706 4277 749 4329 43.
780 4281 843 4330 Plio.
863 4283 892 4331 N.
914 4285 944 4332 ll.
967 4287 1009 4343 18,
1027 4286 1070 4337 26.

426 4363 455 4440 3)
490 4367 507 4416 i.
528 4382 550 4418 e.
571 4369 596 4420 in
615 4384 669 4420 uno
690 4373 882 4425 Pandeetarum
908 4376 986 4438 libro;
1015 4380 1065 4431 nisi
1084 4381 1152 4434 torte
1170 4384 1270 4449 legend.
1291 4396 1362 4450 poa·

374 4429 471 4483 ilecto.
511 4437 590 4487 Auel.
610 4439 758 4492 diaaerlot.
