3484 5600
375 797 416 859 to
714 788 1026 851 assenserant.

438 977 469 1070 o.
513 973 706 1034 Priscianus
740 968 791 1029 lib.
813 975 860 1033 lo.
890 970 961 1031 ess.
992 968 1024 1025 T.
1047 971 1072 1028 l.
1102 985 1131 1044 p.
1151 970 1214 1031 505
1238 974 1270 1027 et
1293 971 1363 1032 574.

374 1055 423 1116 ed·
440 1055 554 1220 gith),
578 1142 664 1218 cujus
688 1139 887 1217 praeteritam
910 1136 1047 1215 plerique
1066 1138 1181 1217 penui,
1204 1137 1307 1215 Asper
1322 1143 1364 1197 ta-

376 1244 446 1323 men
477 1227 617 1351 ρεςὶίιῖἑ,
650 1222 804 1283 Charisius
836 1226 914 1304 pexi
939 1220 1139 1301 protulerunt.
1192 1222 1364 1285 Maecenas

374 1329 406 1369 m
429 1311 565 1457 Ἓῗέῗὲ
584 1310 742 1475 {astillian
763 1398 902 1456 notatae
918 1389 1103 1456 maneribus
1123 1396 1260 1471 gratnm
1275 1391 1312 1465 ²).

441 1563 471 1623 t.
513 1557 651 1629 Seneca,
675 1554 812 1634 Epistola
840 1558 893 1629 19,
915 1556 944 1618 8.
987 1551 1128 1615 Fickert.
1153 1568 1181 1629 p.
1201 1552 1269 1614 82:

442 1640 517 1703 Volo
540 1640 594 1701 tibi
616 1640 675 1700 hoc
696 1639 764 1699 loco
780 1639 896 1700 reterre
917 1637 1033 1699 dietum
1049 1636 1269 1713 Maecenatis,
1296 1653 1363 1696 vera

376 1729 408 1788 in
439 1727 507 1806 ipso
539 1723 647 1787 eculeo
676 1722 802 1785 elocuti:
844 1724 923 1805 Ipsa
954 1724 1038 1785 enim
1067 1718 1209 1784 altitudo
1238 1725 1366 1782 attonat

377 1831 503 1876 wmma
517 1812 555 1888 ³).
591 1810 623 1870 Si
648 1810 788 1888 quaeris,
810 1808 842 1869 in
866 1826 928 1888 quo
949 1804 1029 1866 libro
1052 1804 1177 1879 dixerit,
1198 1803 1229 1863 in
1253 1821 1292 1863 eo
1316 1804 1363 1882 qui

379 1897 585 1960 Prometheus
607 1892 793 1954 inscribitur.
827 1890 999 1953 Hocvoluit
1022 1889 1140 1965 dicere,
1163 1887 1291 1948 attonita
1313 1888 1362 1947 ha-

378 1979 431 2040 bat
459 1998 590 2040 summa.
632 1978 687 2036 Est
714 1995 787 2055 ergo
817 1976 890 2035 tanti
919 1974 979 2034 ulla
1008 1974 1155 2051 potantia,
1189 1977 1221 2032 ut
1247 1971 1289 2031 sit
1314 1970 1363 2031 tibi

378 2072 439 2124 tam
466 2062 572 2120 ebrius
596 2059 722 2119 sermo?
770 2059 951 2136 Ingeniosus
978 2060 1032 2119 air
1059 2054 1109 2115 illa
1137 2056 1192 2114 tuit
1219 2071 1364 2133 maguum

378 2144 553 2222 exemplum
582 2144 737 2200 Romanae
770 2140 964 2218 eloquentiae
1000 2137 1143 2213 daturus,
1184 2138 1243 2195 nisi
1282 2137 1364 2198 illum

377 2233 556 2288 enervasset
580 2224 722 2301 felicitas,
745 2224 806 2282 imo
832 2227 1008 2282 castrassct.
1045 2220 1099 2279 Hic
1122 2226 1151 2278 ta
1174 2220 1276 2278 exitus
1301 2238 1364 2279 ma·

377 2316 440 2386 net,
465 2309 522 2368 nisi
541 2308 606 2385 jam
629 2306 791 2367 contrahes
816 2306 897 2383 vela,
930 2306 990 2366 nisi
1016 2302 1115 2383 (quod
1138 2304 1195 2366 ille
1217 2319 1289 2363 sero
1315 2323 1364 2364 vo·

374 2391 443 2468 luit)
468 2399 580 2452 terram
604 2391 697 2469 leges.
731 2391 871 2451 Poteram
888 2396 989 2450 lecum
1005 2388 1064 2450 hae
1078 2389 1281 2453 Maecenatis
1297 2405 1364 2448 sen-

375 2477 470 2537 tentia
493 2493 601 2555 parem
624 2475 725 2536 tacere
747 2475 915 2548 rationem,
937 2471 993 2535 sed
1017 2480 1074 2533 eto.

684 2656 726 2708 ΠΙ.
763 2656 876 2722 Augusti
894 2670 937 2708 ras
956 2661 1053 2722 gestae.

441 2765 569 2845 Augusti
592 2782 643 2826 res
666 2771 769 2844 gestas
793 2766 999 2826 allaeeenate
1020 2783 1091 2826 esse
1115 2763 1307 2845 conscriptas
1326 2784 1364 2826 ex

376 2850 479 2912 Servii
502 2851 571 2911 loco
595 2867 691 2930 supra
714 2849 805 2910 allato
829 2849 973 2911 vidimus.
1019 2851 1084 2910 Huc
1112 2849 1212 2912 retero
1228 2849 1256 2926 ⁴)
1287 2869 1364 2930 qnae

440 2996 471 3058 s.
514 2995 664 3074 retusus,
690 2993 758 3052 aas.
781 2991 853 3052 urst.
869 2992 998 3068 v11‚to.
1023 2990 1127 3052 traan:

431 3167 459 3231 l)
497 3167 588 3221 tirell
613 3171 641 3221 in
664 3171 722 3222 ind.
748 3185 770 3222 s.
795 3185 822 3221 v.
846 3171 942 3224 llaec:
970 3171 998 3222 in
1020 3174 1136 3224 octavo?
1167 3173 1202 3224 et.
1226 3171 1318 3238 fragm.
1341 3174 1364 3222 1.

378 3238 520 3289 stanam
544 3254 572 3304 p.
595 3238 653 3292 tot.

429 3325 459 3391 2)
496 3327 658 3378 Smioerias
681 3328 708 3377 in
731 3329 832 3379 collect.
858 3330 925 3379 Vett.
954 3329 1070 3394 Tragicc.
1098 3327 1154 3394 (ap.
1180 3327 1262 3381 nott.
1287 3330 1364 3382 Secu.

376 3395 451 3444 Poet.
477 3396 532 3444 Lat.
558 3396 588 3445 v.
607 3396 632 3446 5.
659 3397 686 3446 P.
702 3397 725 3447 1.
751 3412 778 3460 p.
796 3396 881 3459 neos:
912 3397 1046 3460 „Dubitat
1068 3402 1167 3463 potest,
1190 3410 1224 3448 an
1249 3396 1367 3450 Octavia

376 3475 473 3513 nomen
495 3464 657 3528 Tragoedias
674 3465 716 3514 stt.
754 3467 823 3516 Saue
841 3480 935 3517 versus
958 3469 1002 3519 hie
1019 3468 1136 3532 tragicus
1155 3473 1276 3520 nonest.
1314 3468 1367 3519 Sed

377 3531 411 3582 de
433 3531 598 3583 Prometheo
621 3534 690 3596 ejus,
718 3535 881 3599 tragoediam
905 3537 1003 3589 inclino
1026 3537 1116 3590 tunae.
1159 3539 1233 3599 Quae
1256 3538 1367 3601 maioris

267 3626 269 3631 2
375 3601 506 3665 indaginis
524 3605 587 3653 sunt
604 3606 629 3654 at
648 3615 741 3665 curae,
765 3618 847 3670 quam
869 3609 900 3656 ut
921 3607 964 3658 hle
987 3608 1075 3660 excuti
1096 3607 1225 3674 possint.“
1261 3607 1365 3658 Detrio

377 3684 422 3738 ap.
442 3671 516 3723 Both.
534 3673 551 3722 1.
572 3672 601 3723 t:
619 3671 756 3733 „Proiecto
773 3676 814 3725 vel
832 3675 979 3726 mendosus
998 3682 1038 3728 est
1047 3678 1210 3738 Priscianus,
1228 3677 1269 3728 val
1287 3677 1368 3728 Oeta-

377 3742 422 3794 via
439 3742 588 3808 cujuspiam
606 3742 760 3793 recentioris
778 3749 819 3796 est
837 3746 1004 3797 Maecenatis.
1042 3747 1069 3797 si
1083 3745 1199 3797 Melissi
1213 3744 1389 3814 Maecena·x

378 3812 418 3864 tis
436 3812 579 3865 contendas
600 3810 642 3874 (v.
662 3814 734 3864 Suet.
755 3813 789 3864 de
806 3816 843 3865 111.
865 3817 908 3866 Gr.
929 3824 953 3866 c.
966 3814 1040 3879 tt),
1063 3815 1183 3868 vicissim
1200 3817 1269 3866 hanc
1287 3816 1368 3866 Oeta-

377 3882 449 3932 viam
473 3899 527 3936 non
553 3881 727 3947 tragoediam,
756 3884 804 3935 aad
828 3885 995 3936 comoediam
1019 3884 1102 3937 laissa
1125 3883 1281 3938 contendam
1310 3881 1364 3945 (et.

378 3950 452 4000 ovid.
473 3952 510 4003 Ex
528 3957 610 4005 Ponto
628 3952 657 4017 i,
678 3953 720 4016 16,
740 3953 807 4019 ao.).
844 3956 942 4006 Varum
958 3955 1075 4020 putarim
1094 3955 1184 4020 potius
1202 3953 1367 4004 6116111166-

379 4021 479 4071 eenatis
500 4021 617 4076 Octavio
635 4024 722 4075 infelix
739 4024 772 4075 tt.
792 4026 897 4076 Antonii
915 4030 940 4075 et
959 4025 1083 4076 Octaviae
1101 4023 1301 4076 matrimonium
1319 4022 1367 4073 de-

377 4089 522 4154 scriptum
540 4094 580 4141 vet
597 4109 651 4145 non
667 4094 796 4156 tabulam,
812 4095 861 4145 sad
880 4094 944 4158 quid
961 4093 1046 4157 aliud;
1063 4109 1125 4145 nam
1135 4097 1288 4145 constanter
1299 4092 1364 4143 Mss.

377 4160 505 4212 Prisciani
529 4160 589 4210 hab.
617 4162 646 4212 in
674 4162 848 4215 Octavianc“
893 4166 963 4215 Unus
987 4163 1048 4215 cod.
1064 4162 1173 4221 Maeli.
1194 4163 1220 4213 in
1239 4162 1314 4212 vnn.
1341 4165 1367 4212 et

377 4229 444 4283 alius
462 4245 512 4295 pro
529 4235 639 4295 oratum
658 4233 736 4284 habat
754 4232 857 4284 datam.

431 4319 460 4383 3)
496 4334 534 4371 sc.
554 4321 622 4370 luca.
661 4319 719 4370 Vid.
739 4326 828 4373 nmen
844 4318 976 4373 Scheller.
1001 4334 1023 4372 s.
1043 4336 1070 4373 v.
1091 4320 1190 4373 adiano
1214 4334 1240 4386 p.
1258 4317 1319 4370 388.

429 4404 458 4468 4.)
493 4408 551 4458 Vid.
572 4408 797 4463 emeritanae.
817 4425 843 4480 p.
858 4409 917 4462 166.
939 4410 998 4461 167.
1018 4409 1078 4461 los.
