3484 5600
376 848 417 911 22
714 843 1025 905 MAECENATIANA.

339 1006 344 1015 ⁸
376 1035 483 1091 contro
506 1027 679 1087 Maecenate
701 1042 792 1085 nemo
815 1024 984 1087 studiosius
1007 1043 1131 1085 ornnem
1154 1042 1283 1104 operam
1308 1025 1356 1086 de·

376 1110 435 1187 dit,
459 1118 492 1171 ut
514 1112 687 1189 Augustum
710 1116 741 1169 et
760 1109 889 1170 consitio
913 1118 943 1171 et
964 1109 1059 1171 rebus
1081 1110 1177 1188 gestis
1191 1109 1356 1188 adjuvaret.

377 1199 435 1271 lta,
464 1196 492 1256 si
514 1194 672 1273 Propertio
700 1200 729 1252 et
750 1194 875 1253 Auctori
900 1194 1023 1274 Elegiae
1051 1192 1143 1254 fidem
1174 1192 1249 1254 dare
1279 1194 1357 1269 velis,

377 1279 487 1341 videos
509 1279 715 1340 Maecenatem
739 1277 907 1338 Octaviano
931 1278 963 1339 in
987 1277 1068 1340 bello
1090 1278 1271 1357 Mutinensi,
1294 1279 1358 1339 Phi·

377 1363 529 1445 lippensi,
552 1363 698 1423 Perusino
721 1367 751 1419 et
774 1361 878 1421 Siculo
901 1360 940 1424 ed
964 1362 1045 1424 latus
1070 1379 1140 1423 esse
1158 1360 1200 1439 Ι),
1223 1380 1359 1422 necnon

377 1450 503 1510 Actiaco
519 1446 556 1524 ί).
609 1447 654 1507 Eo
682 1445 892 1507 intercedente
921 1446 1076 1528 Augustus
1108 1444 1304 1507 Scriboniam
1331 1447 1359 1505 in

378 1531 607 1595 matrimonium
623 1529 709 1591 duxit
724 1529 766 1607 ³);
791 1538 891 1610 atque,
905 1530 1031 1592 Octavia
1048 1532 1180 1592 Antonio
1195 1530 1358 1611 desponsa,

379 1615 566 1678 Octavianus
588 1622 619 1674 et
636 1616 787 1676 Antonius
809 1616 840 1675 in
864 1616 993 1695 gratiam
1016 1615 1189 1692 redierunt,
1213 1616 1360 1693 novisque

379 1699 494 1760 exortis
509 1698 729 1778 simultatibus,
752 1699 863 1761 iterum
880 1717 987 1778 pacem
1007 1701 1139 1762 restituit
1151 1702 1313 1760 Maecenas
1326 1697 1358 1772 ⁴).

380 1916 539 1985 Aprippum
558 1920 584 1965 et
603 1912 837 1967 Maecenatem
862 1915 963 1967 solitos
986 1916 1033 1969 illi
1051 1935 1118 1969 cern
1136 1916 1246 1968 dicere:
1274 1917 1322 1984 qui
1338 1916 1362 1968 si

378 1985 530 2044 vixissent,
557 1982 632 2032 inter
652 1982 861 2034 dissimulantes
879 1984 1004 2045 fuissent.
1043 1985 1157 2050 Repulis
1177 1986 1288 2049 inpenii
1306 2000 1362 2036 mos

378 2058 434 2112 cst,
460 2051 490 2100 in
513 2051 705 2113 praesentium
729 2050 940 2106 contumetiam.
970 2049 1076 2099 amissa
1101 2050 1234 2109 laudare,
1268 2058 1297 2101 et
1321 2053 1363 2105 liis

376 2118 508 2170 cirtntem
526 2116 596 2166 dare
614 2130 682 2166 cera
705 2116 830 2177 dicendi,
854 2131 872 2165 ο
895 2116 991 2181 quibes
1008 2119 1072 2182 jum
1097 2115 1229 2168 audiendi
1250 2120 1364 2185 pericn-

377 2186 506 2239 lemnon
527 2187 577 2234 est.
605 2185 635 2234 V.
656 2183 735 2236 etium
754 2184 822 2234 intra
839 2197 866 2249 p.
888 2182 930 2234 25.

434 2274 461 2339 1)
498 2269 837 2338 Propen.t,1‚ncsqq.
867 2268 941 2322 Nam
978 2270 1236 2335 necessitudinem,
1256 2281 1304 2325 ant
1323 2276 1363 2328 ci·

377 2342 448 2396 cilia
465 2342 546 2395 busta
558 2338 711 2407 Philippos,
731 2341 786 2390 Ant
805 2352 933 2389 canerem
953 2286 1066 2392 ἀνταίαν
1086 2342 1207 2393 classica
1228 2343 1300 2395 della
1319 2346 1361 2409 fn·

377 2428 444 2482 pue,
475 2410 627 2462 Eoerscscc
652 2409 732 2473 focos
756 2406 886 2474 antiquae
904 2408 993 2476 pentis
1016 2410 1165 2469 Etruscae,
1193 2414 1248 2462 Ant
1270 2411 1362 2464 Ptole·

378 2485 491 2535 mariae
509 2479 597 2533 litora
617 2484 699 2545 capte
717 2474 819 2537 Pieri,
846 2479 900 2529 Ant
919 2492 1019 2529 canere
1037 2478 1190 2546 inciperem
1211 2487 1236 2531 et
1255 2480 1361 2543 Nilum,

379 2567 441 2603 cnm
459 2556 567 2603 tructus
585 2548 727 2601 inertem
746 2545 858 2610 Septem
877 2546 997 2613 captiuis
1014 2548 1114 2601 debilis
1133 2549 1192 2600 idat
1211 2551 1308 2616 cquis,
1330 2550 1362 2601 tn

379 2636 474 2686 rapum
494 2617 604 2669 auratis
623 2614 798 2669 circumdata
817 2613 889 2665 colla
910 2618 1031 2679 catenis,
1062 2619 1198 2686 Actiaque
1223 2620 1251 2671 in
1272 2618 1361 2670 Socra

379 2704 494 2741 currere
513 2692 608 2738 rostra
627 2686 688 2746 cia,
710 2685 748 2736 're
767 2683 886 2748 (Maec.)
905 2699 967 2735 mea
983 2686 1071 2739 Musa
1089 2687 1149 2740 illis
1168 2704 1277 2754 semper
1297 2705 1362 2739 con-

380 2762 485 2811 texeret
504 2754 607 2820 armis,
641 2754 676 2806 m
698 2759 789 2806 ταινία
807 2759 834 2806 et
856 2752 950 2820 posita
974 2772 1042 2819 pace
1060 2755 1140 2820 fidele
1160 2762 1248 2825 capnt.
1285 2760 1360 2810 Auci.

379 2830 448 2894 Eieg.
469 2827 502 2880 41
521 2840 581 2892 sqq.
615 2824 697 2876 Illum
723 2825 842 2887 (Maec.)
872 2823 980 2891 piscosi
1007 2826 1135 2879 ciderunt
1165 2843 1236 2879 saxa
1267 2827 1364 2879 Pelori

380 2898 494 2966 lpniins
512 2893 623 2948 instilis
641 2894 758 2946 reddere
778 2894 855 2962 liqna
875 2893 956 2944 ratis.
985 2893 1103 2947 Pulvere
1114 2896 1143 2948 in
1158 2894 1286 2948 Emathio
1302 2899 1364 2962 far-

380 2973 436 3020 tem
453 2965 549 3018 cidere
566 2960 699 3031 Ptitippi.
738 2964 825 3016 Onam
844 2961 981 3015 ammitte
1001 2970 1093 3026 tener,
1119 2970 1175 3015 tam
1198 2966 1298 3030 prauis
1317 2964 1363 3016 ίιο-

379 3037 522 3090 eliserat.
559 3030 627 3083 Cum
647 3034 721 3094 freta
741 3032 875 3084 Niliacae
894 3036 1020 3085 texerent
1039 3034 1098 3085 luta
1117 3034 1247 3094 carinae,
1267 3032 1365 3086 Fortis

380 3110 441 3158 erat
459 3103 583 3165 circum,
608 3101 695 3166 (ortis
714 3105 739 3152 et
759 3106 823 3152 ante
842 3100 946 3151 ducem.

430 3192 460 3258 2)
495 3192 688 3258 Propertii.
726 3192 816 3241 ttorst.
837 3188 921 3253 Epod.
946 3191 971 3251 1,
993 3191 1016 3240 l.
1053 3188 1113 3240 ibis
1139 3188 1270 3241 Liburnis
1290 3190 1365 3241 inter

379 3262 438 3314 ulle
457 3261 585 3323 nauium,
612 3259 726 3317 Amice,
753 3258 981 3326 propuynacnla,
1012 3257 1136 3310 Paratus
1160 3274 1239 3309 omne
1258 3257 1364 3310 (laesa-

379 3331 422 3382 m's
444 3331 613 3396 pericnlum,
642 3327 756 3390 subire,
785 3327 894 3388 Maec,
922 3326 987 3378 tna?
1019 3327 1091 3381 Quid
1113 3328 1183 3379 nos?
1213 3328 1261 3378 ubi
1279 3343 1304 3379 v.
1327 3334 1366 3379 te·

378 3413 439 3450 men
456 3400 541 3466 intpp.
562 3399 709 3462 (Torreat.)
729 3412 792 3449 mox
810 3398 898 3459 Vettej.
933 3396 1060 3448 Messon.
1079 3397 1125 3448 vit.
1145 3399 1234 3448 Horat.
1258 3412 1285 3462 p.
1303 3398 1363 3449 143.

379 3466 525 3521 Frandsen
543 3483 570 3534 p.
585 3467 620 3519 23
634 3470 694 3533 s'qq.

430 3556 459 3613 3)
494 3557 606 3623 Αρρίση.
628 3557 662 3608 de
679 3557 738 3608 beli.
760 3556 815 3606 Cin.
835 3554 863 3615 5,
884 3553 926 3605 53.
962 3548 1111 3604 Ἐπίστελλε
1138 3552 1280 3618 Μαικήνᾳ,
1307 3570 1366 3604 σον·

378 3626 481 3677 δίοδον
497 3626 648 3694 Σκριβωνίᾳ
664 3621 698 3696 τῇ
717 3626 834 3687 Λίβωνος
851 3620 966 3693 ἀδελφή,
989 3626 1037 3674 τοῦ
1057 3620 1206 3688 κηδεύοντος
1223 3624 1365 3690 Πομπηίῳ,

378 3689 410 3746 ‘iv'
431 3694 487 3758 ίχοι
505 3695 549 3745 καί
566 3693 642 3762 τήνδε
661 3691 784 3761 ἀφορμήν
801 3692 825 3749 ἐς
844 3689 988 3755 διαλύσεις,
1013 3689 1034 3743 εί
1053 3691 1156 3760 δεήσειε.
1201 3693 1257 3743 Καί
1276 3690 1365 3743 nedd-

379 3782 452 3826 μενος
472 3758 486 3817 ὅ
503 3764 607 3828 Λίβων,
625 3763 758 3814 ἐπίστελλε
776 3767 830 3819 τοῖς
848 3759 965 3822 οἰκείοις,
985 3759 1079 3828 ίνγυᾷν
1096 3759 1180 3830 αὐτήν
1198 3766 1234 3828 τῷ
1247 3763 1367 3832 Καίσαρι

379 3831 534 3904 προθύμως.
572 3835 605 3886 ct.
624 3833 780 3886 Drnmann.
808 3835 836 3883 T.
854 3835 874 3883 l.
899 3847 923 3897 p.
946 3831 1006 3884 418.

432 3925 461 3989 4)
498 3926 608 3992 Appian.
628 3926 645 3975 1.
666 3927 682 3974 Ι.
704 3921 746 3974 64.
767 3921 810 3973 9².
831 3920 875 3972 93.
908 3911 958 3968 Ὧν
980 3915 994 3970 ὁ
1017 3916 1128 3988 στρατὸς
1152 3915 1165 3969 δ
1192 3922 1241 3971 τοῦ
1259 3919 1366 3969 Καίσα-

379 4010 424 4063 ρος
449 3989 648 4055 αίσθανόμενοι,
672 3992 791 4058 νιρίσβεις
815 3986 912 4040 eiicere
934 3985 995 4045 τους
1020 3986 1117 4045 αὐτοῖς
1142 3988 1166 4046 ἐς
1188 3986 1364 4057 ἀμφοτέρους·

379 4061 404 4112 oi
421 4057 456 4110 τὰ
475 4061 520 4121 μίν
538 4060 690 4130 ἐγκλήματα
708 4056 795 4110 αὐτῶν
812 4058 934 4121 ἐπέσχον,
960 4055 992 4115 ὡς
1012 4055 1043 4109 oi‘r
1062 4063 1147 4126 κρῖναι
1167 4060 1265 4119 σφίσιν,
1295 4055 1366 4106 ἀλλὰ

379 4128 520 4188 διαλλάξαι
537 4129 617 4191 μόνον
635 4127 771 4202 ᾑρημένοι·
797 4129 881 4187 σφίσιν
898 4125 924 4179 δ’
949 4124 1038 4184 αι’·τοῖς
1057 4124 1241 4194 προσελόμενοι
1259 4126 1366 4193 Κοκκή-

379 4205 419 4252 ϊον
435 4200 495 4264 μέν,
519 4195 552 4257 ὡς
570 4198 653 4251 κοινὸν
671 4198 781 4260 ἀμφοῖν,
811 4197 837 4247 ίκ
863 4197 890 4247 δὲ
914 4200 966 4247 τῶν
985 4194 1121 4249 Ἀντωνίου
1139 4198 1292 4259 Πολλίωνα,
1321 4197 1368 4246 καὶ

379 4268 521 4338 Μαικήναν
538 4269 566 4320 ln
583 4272 634 4319 τῶν
643 4270 792 4337 Καίσαρος,
816 4254 941 4330 ipsosne,
961 4267 1079 4335 Καίσαρι
1096 4268 1140 4317 καί
1154 4265 1281 4330 Ἀντωνίῳ
1300 4263 1367 4333 πρὸς

378 4335 510 4406 ἀλλήλους
527 4336 669 4405 ἀμνηστίαν
687 4329 820 4387 εἶναιτῶν
838 4334 989 4399 γεγονότων,
1011 4337 1053 4386 καί
1071 4337 1159 4394 φιλίαν
1177 4336 1201 4392 ἐς
1218 4334 1249 4387 τὸ
1262 4336 1364 4395 μέλλον.

376 4404 514 4470 ‘unorum
531 4409 558 4459 di
579 4408 739 4476 Μαρκέλλου
757 4409 914 4468 τεθνεῶτος,
934 4402 960 4462 ὃς
978 4403 1026 4473 τήν
1044 4403 1159 4472 ἀδελφήν
1176 4405 1313 4473 Καίσαρος
1330 4393 1366 4453 εί-

377 4493 423 4539 χεν
437 4473 606 4542 Ὀκταουίαν,
624 4477 753 4530 δδικαίοιν
770 4474 795 4526 οί
813 4476 983 4533 διαλλακταί,
1006 4471 1055 4541 τήν
1069 4472 1224 4527 Ὀκταουίαν
1239 4472 1368 4541 Ἀντωνίᾳ
