3484 5600
382 818 422 880 tt
722 816 1033 880 succedimus.

447 1002 477 1062 5.
524 998 705 1078 Anthoiogia
727 1006 822 1061 veter.
838 1001 968 1061 Latinor.
984 1001 1161 1081 Epigramm
1185 1012 1216 1064 et
1238 1006 1369 1069 Poemat.

381 1080 446 1142 Lib.
463 1083 485 1143 Ι.
508 1082 611 1163 Epigr.
628 1085 679 1148 53.
703 1084 735 1145 V.
751 1087 772 1143 i.
797 1103 826 1164 p.
842 1088 893 1150 29.
916 1085 964 1146 ed.
987 1087 1184 1151 Burmann..

582 1166 735 1247 „Cybeiae
757 1168 850 1229 iiatri.

466 1253 548 1318 Ades
570 1251 650 1331 kun,
680 1251 758 1315 adea
781 1251 915 1333 cybele,
944 1256 1012 1318 Dea
1032 1259 1220 1339 montigena
1246 1261 1326 1335 Dea,

467 1342 535 1420 Age
559 1342 710 1419 tympano
728 1341 861 1401 sonanti
884 1346 981 1421 quate
1001 1338 1144 1423 flexibile
1167 1352 1285 1425 caput:

469 1425 572 1486 Latus
585 1421 718 1485 horreat
728 1422 874 1504 flagelio,
893 1426 1044 1488 comitum
1060 1425 1294 1492 ciorusuiuiet
1311 1431 1363 1505 'if‘

383 1644 480 1695 ratium
498 1642 636 1696 absentem
654 1642 758 1708 scripti,
783 1656 838 1706 quo
855 1640 1047 1708 impatientiam
1066 1647 1091 1693 et
1111 1642 1272 1695 desiderium
1291 1660 1361 1696 suum

384 1714 472 1765 amico
491 1715 584 1778 procui
603 1712 707 1777 degenti
723 1710 860 1763 versieulis
884 1725 933 1777 pro
954 1726 1029 1763 more
1051 1713 1214 1765 mollioribus
1233 1730 1362 1779 expresse·

382 1785 416 1835 rit
438 1785 589 1845 Maecenas,
616 1796 700 1848 seque
727 1794 832 1834 omnem
859 1782 961 1833 cuitum
986 1786 1011 1832 et
1035 1787 1171 1845 ornatum,
1197 1786 1362 1849 studiumque

384 1867 550 1919 gemmarum
570 1852 727 1918 deposuisse
746 1851 785 1902 iris
802 1849 912 1912 indicet,
931 1864 1018 1915 nequa
1035 1853 1149 1916 amptius
1168 1866 1264 1905 curare
1284 1855 1363 1918 beryt-

382 1925 424 1975 ios
442 1936 520 1985 suos,
541 1922 710 1987 zmaragdos,
729 1920 881 1986 margarita,
900 1925 947 1970 aut
964 1921 1091 1984 iaspidas,
1116 1922 1214 1986 quibus
1233 1925 1284 1974 atio
1305 1930 1363 1974 tem·

383 2006 449 2059 pora
467 1992 646 2044 delectabatur
665 1989 710 2053 (ei.
730 2003 804 2054 supr.
824 2004 850 2052 p.
864 1987 933 2048 30.).·
961 1988 1035 2051 quod
1055 1990 1154 2051 optime
1177 1993 1215 2042 rei
1237 1994 1289 2058 ipsi
1307 2008 1363 2045 con-

382 2062 464 2121 venit,
488 2061 550 2123 quia
568 2060 681 2118 amicos,
709 2071 777 2120 quos
800 2069 864 2122 prae
884 2056 978 2107 ceteris
997 2055 1149 2120 ditigebant,
1174 2062 1287 2124 gemmis
1310 2076 1364 2127 pre

383 2128 532 2180 tiosissimis
556 2140 610 2176 non
633 2130 734 2175 tantum
755 2124 917 2188 comparari,
939 2123 986 2173 sed
1005 2130 1030 2173 et
1047 2127 1184 2188 praeferri,
1204 2132 1277 2193 apud
1299 2138 1365 2183 vete

381 2211 423 2248 res
440 2198 589 2259 frequenter
611 2194 712 2257 iegitur.
750 2194 779 2243 id
803 2193 881 2244 unice
903 2193 1048 2257 iliustretur
1071 2193 1216 2257 tragmento
1239 2200 1366 2261 epistotae

379 2264 550 2317 motiissimae
568 2263 678 2327 Augusti
700 2261 734 2312 ad
757 2262 948 2322 Maecenatem,
971 2259 1070 2325 quibus
1093 2262 1183 2314 verbis
1208 2264 1231 2314 si
1254 2281 1310 2316 non
1335 2270 1366 2319 ad

379 2336 431 2386 hoc
444 2334 532 2400 ipsum
543 2332 722 2398 Epigramma,
740 2331 832 2381 saitem
852 2329 887 2380 ad
905 2331 1063 2381 Maecenatis
1083 2343 1202 2383 amorem
1222 2348 1284 2399 erga
1297 2354 1366 2401 gem-

379 2416 451 2466 mas,
476 2402 592 2467 styiique
610 2403 667 2464 ejus
685 2400 764 2468 nimis
784 2400 906 2452 discincti
924 2400 1060 2451 moltitiem
1078 2404 1202 2466 respexit.
1227 2406 1258 2454 V.
1281 2421 1307 2469 p.
1322 2408 1362 2457 35.

379 2478 468 2524 annot.
476 2472 502 2524 6.
516 2472 685 2538 zmaragdus
695 2484 745 2535 pro
756 2484 842 2521 emar.
855 2469 986 2534 scriptum
1006 2470 1164 2522 auctoritate
1180 2482 1366 2526 monumento-

379 2557 441 2593 rum
459 2546 590 2603 veterum;
608 2541 636 2593 id
654 2540 752 2592 rectius
771 2553 830 2591 esse
847 2540 951 2591 monuit
971 2538 1092 2590 Broutt.
1114 2542 1148 2591 ad
1159 2542 1253 2594 Tibuti.
1270 2545 1291 2607 1,
1306 2547 1327 2605 1,
1339 2545 1362 2596 5.

381 2610 406 2672 2,
420 2611 443 2673 4,
454 2612 495 2662 27.
518 2615 544 2661 et
562 2611 596 2661 ad
614 2612 733 2674 Propert.
746 2608 770 2670 2,
782 2610 821 2670 13,
833 2608 876 2662 43.
904 2610 936 2659 ct.
959 2607 1050 2674 Kopp.
1070 2610 1204 2676 Palaeogr.
1226 2615 1244 2664 i.
1264 2628 1292 2678 p.
1306 2614 1362 2666 351.

379 2682 419 2732 De
443 2680 595 2744 margarito,
622 2691 717 2745 genera
742 2684 851 2740 neutro,
885 2693 911 2729 ν.
940 2691 1009 2742 quos
1033 2677 1152 2731 laudavit
1180 2680 1362 2735 Burmannus.

379 2750 467 2813 eddo,
493 2747 614 2802 Gronov.
635 2750 669 2799 ad
690 2751 807 2799 Senecae
823 2747 891 2801 itied.
911 2763 937 2802 v.
957 2746 1016 2799 57³.
1038 2748 1132 2816 tegere:

511 2847 540 2857 -
561 2833 610 2872 nec
628 2818 792 2885 smaragdos,

509 2891 626 2956 Beryitos
645 2890 721 2951 mihi,
747 2890 848 2949 flacce,
875 2902 925 2940 nec
943 2882 1063 2939 nitentes.

386 2980 574 3032 Walcienaer
593 2982 607 3030 i.
629 2993 653 3031 c.
674 2980 709 3031 ita
728 2977 841 3043 explicat
860 2980 885 3027 et
901 2973 1035 3026 transterit
1065 2977 1092 3026 Si
1108 2975 1201 3038 j'avais
1224 2978 1240 3028 a
1264 2981 1366 3044 pieurer

380 3054 512 3114 taiperto,
536 3051 633 3101 dmon
653 3050 772 3100 Ftaccust
800 3048 816 3096 o
840 3060 885 3096 ma
909 3045 962 3097 vie!
992 3059 1045 3110 que
1068 3045 1306 3111 m’importeraient
1331 3054 1366 3102 ios

380 3119 549 3182 emeraudes‚
574 3121 611 3170 tes
633 3118 747 3179 bertilae,
770 3118 809 3167 ies
832 3116 892 3180 ptus
917 3114 1043 3166 bianches
1066 3116 1164 3181 peries,
1187 3118 1224 3168 ies
1247 3133 1367 3170 anneaux

380 3187 414 3239 de
427 3190 505 3254 jaspe
523 3190 560 3239 ies
581 3190 641 3254 ptus
660 3188 758 3249 berun,
781 3191 807 3237 et
825 3187 864 3236 ies
882 3184 970 3237 mieux
988 3184 1063 3248 potis.

436 3282 463 3343 l)
502 3280 638 3333 Burtiiua
655 3282 797 3332 adversar.
819 3281 897 3341 tivit,
915 3278 953 3330 3.:
985 3278 1079 3328 Nescio
1103 3292 1179 3339 sane,
1206 3280 1304 3344 inquit,
1334 3297 1367 3331 an

379 3363 510 3411 umquam
528 3351 628 3400 dictum
647 3350 783 3412 pictumve
800 3350 847 3409 sit,
869 3361 992 3413 magnam
1011 3349 1127 3397 Deorum
1145 3352 1256 3399 matrem
1277 3357 1368 3401 monte

378 3417 502 3482 genitam.
541 3419 572 3468 iit
588 3418 612 3468 si
629 3421 681 3478 est,
700 3423 788 3468 tamen
807 3418 876 3467 inter
893 3416 1035 3483 praeconia
1054 3417 1110 3479 ejus
1129 3416 1287 3469 absurdum.
1320 3421 1367 3470 Le-

379 3486 495 3550 gendum
514 3491 616 3550 putem:
641 3485 796 3551 orontirega
814 3483 892 3547 Dea;
924 3486 996 3552 quod
1015 3487 1055 3536 vei
1072 3485 1133 3536 Idae
1149 3489 1189 3537 vet
1208 3489 1265 3550 ejus
1284 3490 1368 3552 partis

379 3555 572 3618 Dindymorum
600 3555 641 3606 vei
664 3555 782 3605 omnium
811 3554 924 3606 aiiorum
952 3555 1082 3606 montium
1106 3556 1195 3620 potius
1218 3557 1368 3609 dominium

378 3624 516 3690 significat.
537 3623 662 3688 Repende·
679 3638 744 3676 vero
762 3623 874 3676 verbum
892 3625 929 3675 ita
946 3629 1103 3691 corruptum
1121 3630 1161 3676 eet
1180 3628 1209 3676 ui
1223 3627 1280 3677 aliis
1294 3632 1368 3678 certe

378 3694 500 3761 piurimis
523 3694 684 3759 scriptorum
707 3695 774 3745 iocis
797 3694 876 3744 simiii
899 3694 1092 3758 compositione
1118 3709 1181 3746 cum
1198 3695 1314 3761 gerendi
1332 3698 1368 3748 sit

379 3766 561 3818 substitutum.
595 3765 625 3813 V.
646 3764 758 3814 eundem
776 3764 803 3813 in
822 3763 939 3828 ibiegm.
961 3767 1017 3815 crit.
1037 3765 1080 3826 111,
1098 3763 1124 3816 2.
1158 3761 1369 3816 Raetiniumre-

379 3836 446 3887 tutat
466 3835 587 3888 Triatun.
614 3836 642 3884 T.
661 3835 679 3885 i.
711 3834 856 3884 Comment.
884 3849 910 3898 p.
927 3832 985 3885 7⁰2.
1016 3837 1041 3884 et
1063 3848 1095 3885 ex
1119 3836 1177 3885 ioco
1201 3834 1310 3885 Arnobii
1334 3850 1369 3887 ac

380 3904 539 3958 Theodoreti
548 3907 681 3969 vuigatam
694 3903 854 3970 scripturam
869 3902 992 3955 defendit.
1020 3904 1097 3968 Apud
1109 3902 1261 3954 Diomedem
1273 3907 1368 3954 Gram-

378 3973 506 4023 maticum
525 3975 567 4027 tib.
581 3977 621 4027 iii.
642 3990 668 4040 p.
683 3975 742 4026 514.
768 3975 809 4026 ed.
832 3971 939 4026 Persen.
966 3977 991 4023 et
1016 3973 1230 4024 Fortunatianum
1254 3973 1279 4023 in
1303 3974 1368 4025 iirte

377 4040 496 4107 pauit.
519 4046 592 4094 vario
612 4045 693 4096 modo
716 4044 809 4109 iegitur
832 4043 935 4108 primus
957 4056 1063 4104 versus;
1092 4042 1165 4108 apud
1182 4043 1265 4092 iiium:
1292 4042 1366 4093 Ades

379 4108 490 4176 Cyieiie
509 4115 542 4172 ts.
556 4111 648 4173 Ades,
668 4113 735 4180 inq..
754 4112 902 4178 ocyieltei
921 4113 980 4175 fere
992 4111 1186 4163 montium'deu
1206 4110 1250 4174 (ci.
1264 4109 1366 4178 Sciop-

377 4177 442 4245 pius
461 4181 539 4244 Susp.
560 4180 640 4230 Lecti.
663 4184 743 4246 Epist.
756 4181 824 4241 to),
843 4180 914 4244 apud
933 4182 1015 4233 turne:
1041 4181 1126 4243 Ades,
1151 4180 1253 4247 inquit,
1274 4179 1289 4230 ὂ
1313 4180 1366 4248 Cy-

378 4247 436 4296 ieie
455 4249 517 4310 fera
536 4248 668 4299 ruentium
682 4251 742 4300 Dea
760 4249 804 4312 (ci.
827 4249 865 4299 ia.
884 4249 963 4301 Voss.
977 4253 1011 4301 ad
1023 4253 1114 4302 Caiuii.
1135 4266 1161 4315 p.
1175 4248 1257 4312 162).
1274 4249 1368 4300 'ticin-

378 4314 437 4364 σίνε
455 4317 481 4367 in
505 4317 595 4368 charta
621 4317 737 4381 quadam
762 4318 940 4383 descripserat
964 4319 1017 4371 hoc
1039 4322 1216 4385 fragmentum
1234 4333 1266 4371 ex
1284 4321 1367 4370 veteri

378 4382 556 4438 Grammatico
579 4386 612 4438 de
634 4386 767 4450 versibus,
797 4389 844 4452 qni
866 4388 974 4452 Neapoti
1001 4390 1073 4454 apud
1097 4389 1255 4442 Thaaatinos
1282 4393 1366 4440 exstat

377 4450 440 4512 iis,
463 4452 510 4503 ubi
527 4455 561 4505 ita
581 4457 683 4520 tegitur:
