<?xml version="1.0" encoding="UTF-8"?>
<!DOCTYPE html PUBLIC "-//W3C//DTD XHTML 1.0 Transitional//EN"
    "http://www.w3.org/TR/xhtml1/DTD/xhtml1-transitional.dtd">
<html xmlns="http://www.w3.org/1999/xhtml" xml:lang="en" lang="en">
 <head>
  <title>
</title>
<meta http-equiv="Content-Type" content="text/html;charset=utf-8" />
  <meta name='ocr-system' content='tesseract 3.04.00' />
  <meta name='ocr-capabilities' content='ocr_page ocr_carea ocr_par ocr_line ocrx_word'/>
</head>
<body>
  <div class='ocr_page' id='page_1' title='image "./tironianaetmaec00tirogoog_0051.png"; bbox 0 0 3484 5600; ppageno 0'>
   <div class='ocr_carea' id='block_1_1' title="bbox 608 426 1257 496">
    <p class='ocr_par' dir='ltr' id='par_1_1' title="bbox 608 426 1257 496">
     <span class='ocr_line' id='line_1_1' title="bbox 608 426 1257 496; baseline -0.003 -9"><span class='ocrx_word' id='word_1_1' title='bbox 608 426 920 487; x_wconf 75' lang='grc' dir='ltr'>ΜΑΕΟΕΝΑΤΙΑΝΑ.</span> <span class='ocrx_word' id='word_1_2' title='bbox 1215 433 1257 496; x_wconf 80' lang='grc'><strong>39</strong></span> 
     </span>
    </p>
   </div>
   <div class='ocr_carea' id='block_1_2' title="bbox 263 604 1256 1102">
    <p class='ocr_par' dir='ltr' id='par_1_2' title="bbox 263 604 1256 1102">
     <span class='ocr_line' id='line_1_2' title="bbox 263 604 1255 693; baseline 0 -22"><span class='ocrx_word' id='word_1_3' title='bbox 263 612 370 693; x_wconf 81' lang='lat' dir='ltr'><strong>perire</strong></span> <span class='ocrx_word' id='word_1_4' title='bbox 392 604 603 679; x_wconf 78' lang='lat' dir='ltr'><strong>membratim,</strong></span> <span class='ocrx_word' id='word_1_5' title='bbox 628 612 659 664; x_wconf 87' lang='lat' dir='ltr'><strong>ot</strong></span> <span class='ocrx_word' id='word_1_6' title='bbox 680 604 770 666; x_wconf 88' lang='lat' dir='ltr'><strong>toties</strong></span> <span class='ocrx_word' id='word_1_7' title='bbox 792 623 848 683; x_wconf 88' lang='lat' dir='ltr'><strong>per</strong></span> <span class='ocrx_word' id='word_1_8' title='bbox 863 605 1018 670; x_wconf 84' lang='lat' dir='ltr'><strong>stillicidia</strong></span> <span class='ocrx_word' id='word_1_9' title='bbox 1035 611 1255 675; x_wconf 87' lang='lat' dir='ltr'><strong>emittereaoi-</strong></span> 
     </span>
     <span class='ocr_line' id='line_1_3' title="bbox 263 687 1256 772; baseline 0 -15"><span class='ocrx_word' id='word_1_10' title='bbox 263 711 365 771; x_wconf 90' lang='lat' dir='ltr'><strong>mam,</strong></span> <span class='ocrx_word' id='word_1_11' title='bbox 386 709 480 771; x_wconf 91' lang='lat' dir='ltr'><strong>quam</strong></span> <span class='ocrx_word' id='word_1_12' title='bbox 503 689 599 751; x_wconf 86' lang='lat' dir='ltr'><strong>semei</strong></span> <span class='ocrx_word' id='word_1_13' title='bbox 623 687 788 749; x_wconf 73' lang='lat' dir='ltr'><strong>exhalaret</strong></span> <span class='ocrx_word' id='word_1_14' title='bbox 832 690 1001 769; x_wconf 84' lang='lat' dir='ltr'><strong>Invenitur,</strong></span> <span class='ocrx_word' id='word_1_15' title='bbox 1031 693 1083 772; x_wconf 89' lang='lat' dir='ltr'><strong>qui</strong></span> <span class='ocrx_word' id='word_1_16' title='bbox 1107 695 1180 756; x_wconf 89' lang='lat' dir='ltr'><strong>velit</strong></span> <span class='ocrx_word' id='word_1_17' title='bbox 1201 695 1256 757; x_wconf 89' lang='lat' dir='ltr'><strong>ad-</strong></span> 
     </span>
     <span class='ocr_line' id='line_1_4' title="bbox 263 772 1254 857; baseline -0.001 -16"><span class='ocrx_word' id='word_1_18' title='bbox 263 786 354 843; x_wconf 82' lang='lat' dir='ltr'><strong>actus</strong></span> <span class='ocrx_word' id='word_1_19' title='bbox 376 775 425 841; x_wconf 78' lang='lat' dir='ltr'><strong>ad·</strong></span> <span class='ocrx_word' id='word_1_20' title='bbox 439 774 516 837; x_wconf 84' lang='lat' dir='ltr'><strong>illud</strong></span> <span class='ocrx_word' id='word_1_21' title='bbox 537 772 644 836; x_wconf 75' lang='lat' dir='ltr'>infelix</span> <span class='ocrx_word' id='word_1_22' title='bbox 666 772 798 851; x_wconf 84' lang='lat' dir='ltr'><strong>iignum,</strong></span> <span class='ocrx_word' id='word_1_23' title='bbox 818 775 883 851; x_wconf 89' lang='lat' dir='ltr'><strong>jam</strong></span> <span class='ocrx_word' id='word_1_24' title='bbox 899 772 1027 854; x_wconf 88' lang='lat' dir='ltr'><strong>debilis,</strong></span> <span class='ocrx_word' id='word_1_25' title='bbox 1046 777 1112 854; x_wconf 88' lang='lat' dir='ltr'><strong>jam</strong></span> <span class='ocrx_word' id='word_1_26' title='bbox 1128 796 1254 857; x_wconf 90' lang='lat' dir='ltr'><strong>pravus,</strong></span> 
     </span>
     <span class='ocr_line' id='line_1_5' title="bbox 263 856 1256 939; baseline -0.003 -13"><span class='ocrx_word' id='word_1_27' title='bbox 263 870 295 926; x_wconf 91' lang='lat' dir='ltr'><strong>et</strong></span> <span class='ocrx_word' id='word_1_28' title='bbox 316 863 348 925; x_wconf 86' lang='lat' dir='ltr'><strong>io</strong></span> <span class='ocrx_word' id='word_1_29' title='bbox 370 858 493 922; x_wconf 76' lang='lat' dir='ltr'><strong>foedum</strong></span> <span class='ocrx_word' id='word_1_30' title='bbox 514 856 712 936; x_wconf 83' lang='lat' dir='ltr'><strong>scapularum</strong></span> <span class='ocrx_word' id='word_1_31' title='bbox 737 873 774 917; x_wconf 84' lang='lat' dir='ltr'><strong>aa</strong></span> <span class='ocrx_word' id='word_1_32' title='bbox 796 858 931 937; x_wconf 81' lang='lat' dir='ltr'><strong>pectoris</strong></span> <span class='ocrx_word' id='word_1_33' title='bbox 954 858 1044 921; x_wconf 89' lang='lat' dir='ltr'><strong>tuber</strong></span> <span class='ocrx_word' id='word_1_34' title='bbox 1067 861 1178 939; x_wconf 84' lang='lat' dir='ltr'><strong>elisus,</strong></span> <span class='ocrx_word' id='word_1_35' title='bbox 1208 866 1256 925; x_wconf 87' lang='lat' dir='ltr'><strong>cui</strong></span> 
     </span>
     <span class='ocr_line' id='line_1_6' title="bbox 264 941 1254 1023; baseline 0 -14"><span class='ocrx_word' id='word_1_36' title='bbox 264 946 380 1009; x_wconf 86' lang='lat' dir='ltr'><strong>multae</strong></span> <span class='ocrx_word' id='word_1_37' title='bbox 394 942 544 1008; x_wconf 88' lang='lat' dir='ltr'><strong>moriendi</strong></span> <span class='ocrx_word' id='word_1_38' title='bbox 559 958 673 1002; x_wconf 86' lang='lat' dir='ltr'><strong>causae</strong></span> <span class='ocrx_word' id='word_1_39' title='bbox 694 941 784 1002; x_wconf 89' lang='lat' dir='ltr'><strong>etiam</strong></span> <span class='ocrx_word' id='word_1_40' title='bbox 806 942 879 1002; x_wconf 88' lang='lat' dir='ltr'><strong>citra</strong></span> <span class='ocrx_word' id='word_1_41' title='bbox 897 961 1020 1004; x_wconf 86' lang='lat' dir='ltr'><strong>erucem</strong></span> <span class='ocrx_word' id='word_1_42' title='bbox 1034 945 1168 1023; x_wconf 76' lang='lat' dir='ltr'><strong>fueraut,</strong></span> <span class='ocrx_word' id='word_1_43' title='bbox 1194 954 1254 1009; x_wconf 87' lang='lat' dir='ltr'><strong>tra·</strong></span> 
     </span>
     <span class='ocr_line' id='line_1_7' title="bbox 263 1028 996 1102; baseline -0.005 -11"><span class='ocrx_word' id='word_1_44' title='bbox 263 1031 341 1091; x_wconf 88' lang='lat' dir='ltr'><strong>here</strong></span> <span class='ocrx_word' id='word_1_45' title='bbox 366 1030 498 1090; x_wconf 86' lang='lat' dir='ltr'><strong>animam</strong></span> <span class='ocrx_word' id='word_1_46' title='bbox 522 1033 565 1087; x_wconf 89' lang='lat' dir='ltr'><strong>tot</strong></span> <span class='ocrx_word' id='word_1_47' title='bbox 588 1031 739 1085; x_wconf 90' lang='lat' dir='ltr'><strong>tormenta</strong></span> <span class='ocrx_word' id='word_1_48' title='bbox 764 1032 927 1087; x_wconf 87' lang='lat' dir='ltr'><strong>tracturam</strong></span> <span class='ocrx_word' id='word_1_49' title='bbox 946 1028 996 1102; x_wconf 74' lang='lat' dir='ltr'><strong>¹)‘i</strong></span> 
     </span>
    </p>
   </div>
   <div class='ocr_carea' id='block_1_3' title="bbox 263 1222 1256 1768">
    <p class='ocr_par' dir='ltr' id='par_1_3' title="bbox 263 1222 1256 1498">
     <span class='ocr_line' id='line_1_8' title="bbox 319 1222 1256 1293; baseline 0.002 -17"><span class='ocrx_word' id='word_1_50' title='bbox 319 1228 346 1283; x_wconf 92' lang='lat' dir='ltr'><strong>l)</strong></span> <span class='ocrx_word' id='word_1_51' title='bbox 382 1226 484 1274; x_wconf 81' lang='lat' dir='ltr'><strong>iustam</strong></span> <span class='ocrx_word' id='word_1_52' title='bbox 500 1222 658 1275; x_wconf 73' lang='lat' dir='ltr'><strong>Maecenatis</strong></span> <span class='ocrx_word' id='word_1_53' title='bbox 677 1222 856 1273; x_wconf 80' lang='lat' dir='ltr'><strong>defensionem</strong></span> <span class='ocrx_word' id='word_1_54' title='bbox 876 1238 890 1273; x_wconf 88' lang='lat' dir='ltr'><strong>a</strong></span> <span class='ocrx_word' id='word_1_55' title='bbox 910 1230 1003 1277; x_wconf 86' lang='lat' dir='ltr'><strong>natura</strong></span> <span class='ocrx_word' id='word_1_56' title='bbox 1022 1234 1138 1292; x_wconf 73' lang='lat' dir='ltr'><strong>poeseos</strong></span> <span class='ocrx_word' id='word_1_57' title='bbox 1159 1231 1256 1293; x_wconf 80' lang='lat' dir='ltr'><strong>lyricae</strong></span> 
     </span>
     <span class='ocr_line' id='line_1_9' title="bbox 264 1291 1255 1362; baseline 0 -16"><span class='ocrx_word' id='word_1_58' title='bbox 264 1298 320 1362; x_wconf 87' lang='lat' dir='ltr'><strong>peti</strong></span> <span class='ocrx_word' id='word_1_59' title='bbox 338 1308 431 1360; x_wconf 89' lang='lat' dir='ltr'><strong>posse,</strong></span> <span class='ocrx_word' id='word_1_60' title='bbox 454 1299 526 1345; x_wconf 89' lang='lat' dir='ltr'><strong>recte</strong></span> <span class='ocrx_word' id='word_1_61' title='bbox 544 1292 578 1343; x_wconf 87' lang='lat' dir='ltr'><strong>ad</strong></span> <span class='ocrx_word' id='word_1_62' title='bbox 596 1293 622 1344; x_wconf 90' lang='lat' dir='ltr'><strong>h.</strong></span> <span class='ocrx_word' id='word_1_63' title='bbox 642 1293 658 1340; x_wconf 90' lang='grc'><strong>1.</strong></span> <span class='ocrx_word' id='word_1_64' title='bbox 681 1292 818 1342; x_wconf 79' lang='lat' dir='ltr'><strong>annotavit</strong></span> <span class='ocrx_word' id='word_1_65' title='bbox 837 1291 972 1358; x_wconf 64' lang='lat' dir='ltr'><strong>Radices.</strong></span> <span class='ocrx_word' id='word_1_66' title='bbox 994 1312 1020 1360; x_wconf 90' lang='lat' dir='ltr'><strong>p.</strong></span> <span class='ocrx_word' id='word_1_67' title='bbox 1034 1296 1095 1349; x_wconf 81' lang='lat'><strong>273.</strong></span> <span class='ocrx_word' id='word_1_68' title='bbox 1133 1301 1255 1349; x_wconf 85' lang='lat' dir='ltr'><strong>Ceterum</strong></span> 
     </span>
     <span class='ocr_line' id='line_1_10' title="bbox 263 1359 1255 1426; baseline 0.002 -9"><span class='ocrx_word' id='word_1_69' title='bbox 263 1367 316 1418; x_wconf 81' lang='lat' dir='ltr'><strong>tros</strong></span> <span class='ocrx_word' id='word_1_70' title='bbox 333 1364 493 1415; x_wconf 75' lang='lat' dir='ltr'><strong>Maecenatis</strong></span> <span class='ocrx_word' id='word_1_71' title='bbox 515 1376 609 1412; x_wconf 85' lang='lat' dir='ltr'><strong>versus</strong></span> <span class='ocrx_word' id='word_1_72' title='bbox 633 1359 771 1424; x_wconf 69' lang='lat' dir='ltr'><strong>Scatiyer.</strong></span> <span class='ocrx_word' id='word_1_73' title='bbox 791 1362 818 1410; x_wconf 92' lang='lat' dir='ltr'><strong>in</strong></span> <span class='ocrx_word' id='word_1_74' title='bbox 836 1363 918 1426; x_wconf 83' lang='lat' dir='ltr'><strong>Epist.</strong></span> <span class='ocrx_word' id='word_1_75' title='bbox 939 1365 1045 1418; x_wconf 78' lang='lat' dir='ltr'><strong>XXXIII.</strong></span> <span class='ocrx_word' id='word_1_76' title='bbox 1065 1368 1098 1418; x_wconf 91' lang='lat' dir='ltr'><strong>ad</strong></span> <span class='ocrx_word' id='word_1_77' title='bbox 1117 1368 1255 1419; x_wconf 87' lang='lat' dir='ltr'><strong>Pithoeum</strong></span> 
     </span>
     <span class='ocr_line' id='line_1_11' title="bbox 263 1430 969 1498; baseline -0.003 -15"><span class='ocrx_word' id='word_1_78' title='bbox 263 1433 455 1498; x_wconf 82' lang='lat' dir='ltr'><strong>ithyphallicos</strong></span> <span class='ocrx_word' id='word_1_79' title='bbox 473 1444 531 1485; x_wconf 90' lang='lat' dir='ltr'><strong>esse</strong></span> <span class='ocrx_word' id='word_1_80' title='bbox 548 1437 575 1482; x_wconf 90' lang='lat' dir='ltr'><strong>et</strong></span> <span class='ocrx_word' id='word_1_81' title='bbox 592 1433 631 1482; x_wconf 88' lang='lat' dir='ltr'><strong>stc</strong></span> <span class='ocrx_word' id='word_1_82' title='bbox 649 1430 849 1482; x_wconf 90' lang='lat' dir='ltr'><strong>constituendos</strong></span> <span class='ocrx_word' id='word_1_83' title='bbox 868 1438 969 1484; x_wconf 87' lang='lat' dir='ltr'><strong>censet:</strong></span> 
     </span>
    </p>

    <p class='ocr_par' dir='ltr' id='par_1_4' title="bbox 396 1500 862 1688">
     <span class='ocr_line' id='line_1_12' title="bbox 398 1500 862 1551; baseline -0.006 0"><span class='ocrx_word' id='word_1_84' title='bbox 398 1500 515 1551; x_wconf 79' lang='lat' dir='ltr'><strong>Debriem</strong></span> <span class='ocrx_word' id='word_1_85' title='bbox 533 1526 776 1536; x_wconf 86' lang='lat'>—————</span> <span class='ocrx_word' id='word_1_86' title='bbox 796 1513 862 1550; x_wconf 80' lang='lat' dir='ltr'><strong>carra</strong></span> 
     </span>
     <span class='ocr_line' id='line_1_13' title="bbox 400 1568 853 1631; baseline -0.002 -10"><span class='ocrx_word' id='word_1_87' title='bbox 400 1570 499 1631; x_wconf 83' lang='lat' dir='ltr'><strong>Tuber,</strong></span> <span class='ocrx_word' id='word_1_88' title='bbox 522 1569 631 1619; x_wconf 81' lang='lat' dir='ltr'><strong>adstrue</strong></span> <span class='ocrx_word' id='word_1_89' title='bbox 648 1596 680 1604; x_wconf 96' lang='lat'>—</span> <span class='ocrx_word' id='word_1_90' title='bbox 699 1594 733 1603; x_wconf 94' lang='lat'><em>-</em></span> <span class='ocrx_word' id='word_1_91' title='bbox 751 1568 853 1620; x_wconf 91' lang='lat' dir='ltr'><strong>dentes.</strong></span> 
     </span>
     <span class='ocr_line' id='line_1_14' title="bbox 396 1640 815 1688; baseline 0 0"><span class='ocrx_word' id='word_1_92' title='bbox 396 1640 453 1688; x_wconf 83' lang='lat' dir='ltr'><strong>Vita</strong></span> <span class='ocrx_word' id='word_1_93' title='bbox 473 1664 718 1675; x_wconf 86' lang='lat'>-----</span> <span class='ocrx_word' id='word_1_94' title='bbox 736 1642 815 1688; x_wconf 85' lang='lat' dir='ltr'><strong>acuta</strong></span> 
     </span>
    </p>

    <p class='ocr_par' dir='ltr' id='par_1_5' title="bbox 395 1703 860 1768">
     <span class='ocr_line' id='line_1_15' title="bbox 395 1703 860 1768; baseline 0 -10"><span class='ocrx_word' id='word_1_95' title='bbox 395 1707 512 1768; x_wconf 87' lang='lat' dir='ltr'><strong>Subdas,</strong></span> <span class='ocrx_word' id='word_1_96' title='bbox 534 1734 565 1743; x_wconf 90' lang='lat'>-</span> <span class='ocrx_word' id='word_1_97' title='bbox 588 1735 618 1743; x_wconf 96' lang='lat'>-</span> <span class='ocrx_word' id='word_1_98' title='bbox 639 1734 670 1742; x_wconf 91' lang='lat'>-</span> <span class='ocrx_word' id='word_1_99' title='bbox 691 1721 779 1758; x_wconf 89' lang='lat' dir='ltr'><strong>cruce.</strong></span> <span class='ocrx_word' id='word_1_100' title='bbox 800 1705 816 1736; x_wconf 80' lang='lat'><em>*</em></span> <span class='ocrx_word' id='word_1_101' title='bbox 836 1703 860 1758; x_wconf 86' lang='lat'><strong>*.</strong></span> 
     </span>
    </p>
   </div>
   <div class='ocr_carea' id='block_1_4' title="bbox 265 1796 1314 2402">
    <p class='ocr_par' dir='ltr' id='par_1_6' title="bbox 265 1796 1314 2402">
     <span class='ocr_line' id='line_1_16' title="bbox 266 1796 1255 1859; baseline 0.002 -10"><span class='ocrx_word' id='word_1_102' title='bbox 266 1802 353 1851; x_wconf 85' lang='lat' dir='ltr'><strong>Versu</strong></span> <span class='ocrx_word' id='word_1_103' title='bbox 370 1797 489 1847; x_wconf 89' lang='lat' dir='ltr'><strong>secundo</strong></span> <span class='ocrx_word' id='word_1_104' title='bbox 509 1810 581 1846; x_wconf 71' lang='lat' dir='ltr'><strong>caza</strong></span> <span class='ocrx_word' id='word_1_105' title='bbox 598 1810 652 1848; x_wconf 87' lang='lat' dir='ltr'><strong>uon</strong></span> <span class='ocrx_word' id='word_1_106' title='bbox 673 1798 750 1845; x_wconf 78' lang='lat' dir='ltr'><strong>costa</strong></span> <span class='ocrx_word' id='word_1_107' title='bbox 769 1796 955 1859; x_wconf 75' lang='lat' dir='ltr'><strong>scribendum,</strong></span> <span class='ocrx_word' id='word_1_108' title='bbox 984 1812 1009 1848; x_wconf 89' lang='lat' dir='ltr'><strong>v.</strong></span> <span class='ocrx_word' id='word_1_109' title='bbox 1033 1797 1129 1852; x_wconf 80' lang='lat' dir='ltr'><strong>Gaeaii</strong></span> <span class='ocrx_word' id='word_1_110' title='bbox 1146 1805 1200 1853; x_wconf 91' lang='lat' dir='ltr'><strong>nat.</strong></span> <span class='ocrx_word' id='word_1_111' title='bbox 1221 1802 1255 1851; x_wconf 90' lang='lat' dir='ltr'><strong>ad</strong></span> 
     </span>
     <span class='ocr_line' id='line_1_17' title="bbox 265 1862 1257 1935; baseline 0.004 -18"><span class='ocrx_word' id='word_1_112' title='bbox 265 1870 369 1920; x_wconf 82' lang='lat' dir='ltr'><strong>Patron.</strong></span> <span class='ocrx_word' id='word_1_113' title='bbox 389 1880 412 1917; x_wconf 89' lang='lat' dir='ltr'><strong>c.</strong></span> <span class='ocrx_word' id='word_1_114' title='bbox 426 1864 469 1918; x_wconf 83' lang='grc'><strong>43.</strong></span> <span class='ocrx_word' id='word_1_115' title='bbox 490 1862 596 1929; x_wconf 83' lang='lat' dir='ltr'><strong>p.197.</strong></span> <span class='ocrx_word' id='word_1_116' title='bbox 634 1863 746 1915; x_wconf 79' lang='lat' dir='ltr'><strong>Debitio</strong></span> <span class='ocrx_word' id='word_1_117' title='bbox 765 1880 852 1927; x_wconf 73' lang='lat' dir='ltr'><strong>coxa,</strong></span> <span class='ocrx_word' id='word_1_118' title='bbox 876 1866 960 1931; x_wconf 80' lang='lat' dir='ltr'><strong>pede,</strong></span> <span class='ocrx_word' id='word_1_119' title='bbox 985 1882 1067 1918; x_wconf 82' lang='lat' dir='ltr'><strong>manu</strong></span> <span class='ocrx_word' id='word_1_120' title='bbox 1091 1869 1188 1921; x_wconf 87' lang='lat' dir='ltr'><strong>dicitur</strong></span> <span class='ocrx_word' id='word_1_121' title='bbox 1210 1871 1257 1935; x_wconf 87' lang='lat' dir='ltr'><strong>qui</strong></span> 
     </span>
     <span class='ocr_line' id='line_1_18' title="bbox 265 1933 1255 2000; baseline 0.001 -12"><span class='ocrx_word' id='word_1_122' title='bbox 265 1938 314 1988; x_wconf 82' lang='lat' dir='ltr'><strong>iltis</strong></span> <span class='ocrx_word' id='word_1_123' title='bbox 339 1936 460 2000; x_wconf 87' lang='lat' dir='ltr'><strong>corporis</strong></span> <span class='ocrx_word' id='word_1_124' title='bbox 483 1933 605 1998; x_wconf 82' lang='lat' dir='ltr'><strong>partibus</strong></span> <span class='ocrx_word' id='word_1_125' title='bbox 628 1936 716 1985; x_wconf 89' lang='lat' dir='ltr'><strong>taesus</strong></span> <span class='ocrx_word' id='word_1_126' title='bbox 740 1939 780 1986; x_wconf 86' lang='lat' dir='ltr'><strong>cst</strong></span> <span class='ocrx_word' id='word_1_127' title='bbox 798 1948 831 1986; x_wconf 89' lang='lat' dir='ltr'><strong>ac</strong></span> <span class='ocrx_word' id='word_1_128' title='bbox 849 1937 967 1987; x_wconf 78' lang='lat' dir='ltr'><strong>mutilus.</strong></span> <span class='ocrx_word' id='word_1_129' title='bbox 997 1951 1023 1987; x_wconf 85' lang='lat' dir='ltr'><strong>v.</strong></span> <span class='ocrx_word' id='word_1_130' title='bbox 1048 1936 1200 1992; x_wconf 82' lang='lat' dir='ltr'><strong>Burmann.</strong></span> <span class='ocrx_word' id='word_1_131' title='bbox 1221 1940 1255 1990; x_wconf 93' lang='lat' dir='ltr'><strong>ad</strong></span> 
     </span>
     <span class='ocr_line' id='line_1_19' title="bbox 265 2002 1252 2067; baseline 0.004 -11"><span class='ocrx_word' id='word_1_132' title='bbox 265 2006 366 2057; x_wconf 81' lang='lat' dir='ltr'><strong>Anthot.</strong></span> <span class='ocrx_word' id='word_1_133' title='bbox 388 2006 442 2055; x_wconf 86' lang='lat' dir='ltr'><strong>Lat.</strong></span> <span class='ocrx_word' id='word_1_134' title='bbox 464 2004 494 2054; x_wconf 88' lang='lat' dir='ltr'><strong>V.</strong></span> <span class='ocrx_word' id='word_1_135' title='bbox 509 2005 550 2055; x_wconf 84' lang='lat'><strong>111.</strong></span> <span class='ocrx_word' id='word_1_136' title='bbox 570 2018 597 2067; x_wconf 88' lang='lat' dir='ltr'><strong>p.</strong></span> <span class='ocrx_word' id='word_1_137' title='bbox 612 2002 671 2054; x_wconf 78' lang='lat'><strong>149.</strong></span> <span class='ocrx_word' id='word_1_138' title='bbox 693 2030 724 2038; x_wconf 91' lang='lat'>-</span> <span class='ocrx_word' id='word_1_139' title='bbox 761 2005 791 2055; x_wconf 89' lang='lat' dir='ltr'><strong>V.</strong></span> <span class='ocrx_word' id='word_1_140' title='bbox 812 2004 837 2055; x_wconf 85' lang='lat'><strong>3.</strong></span> <span class='ocrx_word' id='word_1_141' title='bbox 864 2004 960 2055; x_wconf 80' lang='lat' dir='ltr'><strong>Heius.</strong></span> <span class='ocrx_word' id='word_1_142' title='bbox 982 2005 1016 2056; x_wconf 90' lang='lat' dir='ltr'><strong>ad</strong></span> <span class='ocrx_word' id='word_1_143' title='bbox 1034 2008 1109 2059; x_wconf 89' lang='lat' dir='ltr'><strong>Ovid.</strong></span> <span class='ocrx_word' id='word_1_144' title='bbox 1126 2010 1179 2059; x_wconf 81' lang='lat' dir='ltr'><strong>Art.</strong></span> <span class='ocrx_word' id='word_1_145' title='bbox 1195 2012 1252 2059; x_wconf 73' lang='lat' dir='ltr'><strong>itm.</strong></span> 
     </span>
     <span class='ocr_line' id='line_1_20' title="bbox 266 2071 1254 2138; baseline 0.002 -13"><span class='ocrx_word' id='word_1_146' title='bbox 266 2078 297 2138; x_wconf 86' lang='lat'><strong>11,</strong></span> <span class='ocrx_word' id='word_1_147' title='bbox 319 2076 394 2126; x_wconf 68' lang='lat' dir='ltr'><strong>tta:</strong></span> <span class='ocrx_word' id='word_1_148' title='bbox 417 2073 516 2124; x_wconf 87' lang='lat' dir='ltr'><strong>Tuberi</strong></span> <span class='ocrx_word' id='word_1_149' title='bbox 533 2073 642 2123; x_wconf 87' lang='lat' dir='ltr'><strong>adstrue</strong></span> <span class='ocrx_word' id='word_1_150' title='bbox 660 2071 803 2137; x_wconf 79' lang='lat' dir='ltr'><strong>gibberem.</strong></span> <span class='ocrx_word' id='word_1_151' title='bbox 827 2101 855 2109; x_wconf 96' lang='lat'><strong>—</strong></span> <span class='ocrx_word' id='word_1_152' title='bbox 887 2076 915 2124; x_wconf 93' lang='lat' dir='ltr'><strong>V.</strong></span> <span class='ocrx_word' id='word_1_153' title='bbox 936 2075 960 2125; x_wconf 81' lang='lat'><strong>7.</strong></span> <span class='ocrx_word' id='word_1_154' title='bbox 982 2073 1016 2125; x_wconf 85' lang='lat' dir='ltr'><strong>Si</strong></span> <span class='ocrx_word' id='word_1_155' title='bbox 1033 2076 1141 2127; x_wconf 77' lang='lat' dir='ltr'><strong>sedeam</strong></span> <span class='ocrx_word' id='word_1_156' title='bbox 1161 2092 1254 2138; x_wconf 82' lang='lat' dir='ltr'><strong>cruce,</strong></span> 
     </span>
     <span class='ocr_line' id='line_1_21' title="bbox 267 2142 1252 2210; baseline 0.001 -15"><span class='ocrx_word' id='word_1_157' title='bbox 267 2144 372 2195; x_wconf 78' lang='lat' dir='ltr'><strong>matina</strong></span> <span class='ocrx_word' id='word_1_158' title='bbox 390 2143 451 2193; x_wconf 85' lang='lat' dir='ltr'><strong>hab.</strong></span> <span class='ocrx_word' id='word_1_159' title='bbox 474 2154 567 2193; x_wconf 87' lang='lat' dir='ltr'><strong>omnes</strong></span> <span class='ocrx_word' id='word_1_160' title='bbox 588 2142 711 2192; x_wconf 86' lang='lat' dir='ltr'><strong>meliores</strong></span> <span class='ocrx_word' id='word_1_161' title='bbox 730 2142 795 2193; x_wconf 85' lang='lat' dir='ltr'><strong>libri.</strong></span> <span class='ocrx_word' id='word_1_162' title='bbox 825 2158 850 2193; x_wconf 91' lang='lat' dir='ltr'><strong>v.</strong></span> <span class='ocrx_word' id='word_1_163' title='bbox 868 2142 943 2210; x_wconf 74' lang='lat' dir='ltr'><strong>lips.</strong></span> <span class='ocrx_word' id='word_1_164' title='bbox 964 2143 997 2193; x_wconf 87' lang='lat' dir='ltr'><strong>ad</strong></span> <span class='ocrx_word' id='word_1_165' title='bbox 1015 2145 1107 2195; x_wconf 82' lang='lat' dir='ltr'><strong>senec.</strong></span> <span class='ocrx_word' id='word_1_166' title='bbox 1129 2149 1155 2195; x_wconf 91' lang='lat' dir='ltr'><strong>et</strong></span> <span class='ocrx_word' id='word_1_167' title='bbox 1171 2146 1252 2196; x_wconf 87' lang='lat' dir='ltr'><strong>Tacit.</strong></span> 
     </span>
     <span class='ocr_line' id='line_1_22' title="bbox 266 2211 1254 2279; baseline 0.001 -16"><span class='ocrx_word' id='word_1_168' title='bbox 266 2217 292 2264; x_wconf 84' lang='grc' dir='ltr'><strong>Α,</strong></span> <span class='ocrx_word' id='word_1_169' title='bbox 309 2213 354 2275; x_wconf 79' lang='lat' dir='ltr'><strong>tt,</strong></span> <span class='ocrx_word' id='word_1_170' title='bbox 369 2212 413 2263; x_wconf 66' lang='grc' dir='ltr'><strong>Ὦ.</strong></span> <span class='ocrx_word' id='word_1_171' title='bbox 440 2211 589 2262; x_wconf 76' lang='lat' dir='ltr'><strong>Acidaliae</strong></span> <span class='ocrx_word' id='word_1_172' title='bbox 606 2213 632 2261; x_wconf 93' lang='lat' dir='ltr'><strong>in</strong></span> <span class='ocrx_word' id='word_1_173' title='bbox 649 2212 730 2277; x_wconf 79' lang='lat' dir='ltr'><strong>EpIst.</strong></span> <span class='ocrx_word' id='word_1_174' title='bbox 749 2212 834 2263; x_wconf 83' lang='lat' dir='ltr'><strong>Critie.</strong></span> <span class='ocrx_word' id='word_1_175' title='bbox 849 2213 955 2263; x_wconf 90' lang='lat' dir='ltr'><strong>Centur.</strong></span> <span class='ocrx_word' id='word_1_176' title='bbox 971 2214 990 2263; x_wconf 88' lang='lat'><strong>1.</strong></span> <span class='ocrx_word' id='word_1_177' title='bbox 1009 2228 1036 2279; x_wconf 88' lang='lat' dir='ltr'><strong>p.</strong></span> <span class='ocrx_word' id='word_1_178' title='bbox 1048 2212 1109 2266; x_wconf 79' lang='grc'><strong>334.</strong></span> <span class='ocrx_word' id='word_1_179' title='bbox 1122 2214 1254 2267; x_wconf 87' lang='lat' dir='ltr'><strong>rescribit:</strong></span> 
     </span>
     <span class='ocr_line' id='line_1_23' title="bbox 394 2281 1314 2345; baseline -0.002 -11"><span class='ocrx_word' id='word_1_180' title='bbox 394 2284 469 2334; x_wconf 77' lang='lat' dir='ltr'><strong>Hane</strong></span> <span class='ocrx_word' id='word_1_181' title='bbox 485 2281 560 2330; x_wconf 88' lang='lat' dir='ltr'><strong>mihi:</strong></span> <span class='ocrx_word' id='word_1_182' title='bbox 579 2281 645 2343; x_wconf 86' lang='lat' dir='ltr'><strong>(scit.</strong></span> <span class='ocrx_word' id='word_1_183' title='bbox 667 2284 701 2331; x_wconf 91' lang='lat' dir='ltr'><strong>da</strong></span> <span class='ocrx_word' id='word_1_184' title='bbox 719 2282 812 2345; x_wconf 90' lang='lat' dir='ltr'><strong>vitam)</strong></span> <span class='ocrx_word' id='word_1_185' title='bbox 830 2284 870 2333; x_wconf 87' lang='lat' dir='ltr'><strong>vet</strong></span> <span class='ocrx_word' id='word_1_186' title='bbox 890 2288 996 2334; x_wconf 87' lang='lat' dir='ltr'><strong>acutam</strong></span> <span class='ocrx_word' id='word_1_187' title='bbox 1311 2298 1314 2304; x_wconf 72' lang='grc'><strong>’</strong></span> 
     </span>
     <span class='ocr_line' id='line_1_24' title="bbox 394 2350 791 2402; baseline 0 -1"><span class='ocrx_word' id='word_1_188' title='bbox 394 2350 493 2401; x_wconf 90' lang='lat' dir='ltr'><strong>Subde.</strong></span> <span class='ocrx_word' id='word_1_189' title='bbox 530 2350 653 2401; x_wconf 86' lang='lat' dir='ltr'><strong>Sustineo</strong></span> <span class='ocrx_word' id='word_1_190' title='bbox 674 2365 791 2402; x_wconf 88' lang='lat' dir='ltr'><strong>crucem.</strong></span> 
     </span>
    </p>
   </div>
   <div class='ocr_carea' id='block_1_5' title="bbox 266 2439 1199 2921">
    <p class='ocr_par' dir='ltr' id='par_1_7' title="bbox 266 2439 1199 2921">
     <span class='ocr_line' id='line_1_25' title="bbox 266 2439 798 2506; baseline -0.009 -12"><span class='ocrx_word' id='word_1_191' title='bbox 266 2440 385 2495; x_wconf 76' lang='lat' dir='ltr'><strong>Salmas.</strong></span> <span class='ocrx_word' id='word_1_192' title='bbox 405 2441 439 2492; x_wconf 91' lang='lat' dir='ltr'><strong>de</strong></span> <span class='ocrx_word' id='word_1_193' title='bbox 457 2442 534 2492; x_wconf 83' lang='lat' dir='ltr'><strong>Foeu.</strong></span> <span class='ocrx_word' id='word_1_194' title='bbox 555 2443 664 2506; x_wconf 83' lang='lat' dir='ltr'><strong>Trapez.</strong></span> <span class='ocrx_word' id='word_1_195' title='bbox 683 2456 709 2504; x_wconf 87' lang='lat' dir='ltr'><strong>p.</strong></span> <span class='ocrx_word' id='word_1_196' title='bbox 725 2439 798 2492; x_wconf 67' lang='lat' dir='ltr'><strong>aas:</strong></span> 
     </span>
     <span class='ocr_line' id='line_1_26' title="bbox 393 2511 722 2571; baseline -0.012 -9"><span class='ocrx_word' id='word_1_197' title='bbox 393 2512 468 2563; x_wconf 82' lang='lat' dir='ltr'><strong>Hanc</strong></span> <span class='ocrx_word' id='word_1_198' title='bbox 486 2511 561 2571; x_wconf 89' lang='lat' dir='ltr'><strong>mihi,</strong></span> <span class='ocrx_word' id='word_1_199' title='bbox 585 2512 624 2560; x_wconf 89' lang='lat' dir='ltr'><strong>vet</strong></span> <span class='ocrx_word' id='word_1_200' title='bbox 644 2515 722 2561; x_wconf 87' lang='lat' dir='ltr'><strong>acuta</strong></span> 
     </span>
     <span class='ocr_line' id='line_1_27' title="bbox 393 2575 1116 2640; baseline -0.007 -10"><span class='ocrx_word' id='word_1_201' title='bbox 393 2580 534 2631; x_wconf 89' lang='lat' dir='ltr'><strong>Subsidem</strong></span> <span class='ocrx_word' id='word_1_202' title='bbox 555 2593 648 2640; x_wconf 84' lang='lat' dir='ltr'><strong>cruce,</strong></span> <span class='ocrx_word' id='word_1_203' title='bbox 666 2579 775 2631; x_wconf 90' lang='lat' dir='ltr'><strong>sustine.</strong></span> <span class='ocrx_word' id='word_1_204' title='bbox 799 2606 826 2614; x_wconf 95' lang='lat'><em>-</em></span> <span class='ocrx_word' id='word_1_205' title='bbox 856 2575 946 2629; x_wconf 82' lang='lat' dir='ltr'><strong>Niroi.</strong></span> <span class='ocrx_word' id='word_1_206' title='bbox 971 2576 1116 2627; x_wconf 76' lang='lat' dir='ltr'><strong>iieiaaiua:</strong></span> 
     </span>
     <span class='ocr_line' id='line_1_28' title="bbox 393 2650 718 2702; baseline -0.006 0"><span class='ocrx_word' id='word_1_207' title='bbox 393 2652 465 2702; x_wconf 75' lang='lat' dir='ltr'><strong>tinec</strong></span> <span class='ocrx_word' id='word_1_208' title='bbox 482 2650 546 2700; x_wconf 90' lang='lat' dir='ltr'><strong>mihi</strong></span> <span class='ocrx_word' id='word_1_209' title='bbox 563 2650 603 2699; x_wconf 88' lang='lat' dir='ltr'><strong>vet</strong></span> <span class='ocrx_word' id='word_1_210' title='bbox 622 2653 718 2701; x_wconf 88' lang='lat' dir='ltr'><strong>acutae</strong></span> 
     </span>
     <span class='ocr_line' id='line_1_29' title="bbox 395 2717 856 2779; baseline -0.011 -9"><span class='ocrx_word' id='word_1_211' title='bbox 395 2719 507 2779; x_wconf 90' lang='lat' dir='ltr'><strong>Subdat,</strong></span> <span class='ocrx_word' id='word_1_212' title='bbox 532 2718 664 2778; x_wconf 90' lang='lat' dir='ltr'><strong>sustineo,</strong></span> <span class='ocrx_word' id='word_1_213' title='bbox 689 2719 772 2769; x_wconf 88' lang='lat' dir='ltr'><strong>cruci.</strong></span> <span class='ocrx_word' id='word_1_214' title='bbox 801 2717 856 2769; x_wconf 80' lang='lat' dir='ltr'><strong>uei.-</strong></span> 
     </span>
     <span class='ocr_line' id='line_1_30' title="bbox 393 2789 704 2841; baseline -0.01 0"><span class='ocrx_word' id='word_1_215' title='bbox 393 2791 469 2841; x_wconf 83' lang='lat' dir='ltr'><strong>Hanc</strong></span> <span class='ocrx_word' id='word_1_216' title='bbox 486 2789 550 2839; x_wconf 91' lang='lat' dir='ltr'><strong>mihi</strong></span> <span class='ocrx_word' id='word_1_217' title='bbox 566 2790 606 2839; x_wconf 89' lang='lat' dir='ltr'><strong>vet</strong></span> <span class='ocrx_word' id='word_1_218' title='bbox 625 2789 704 2839; x_wconf 86' lang='lat' dir='ltr'><strong>acuta</strong></span> 
     </span>
     <span class='ocr_line' id='line_1_31' title="bbox 392 2853 1199 2921; baseline -0.011 -11"><span class='ocrx_word' id='word_1_219' title='bbox 392 2859 509 2921; x_wconf 88' lang='lat' dir='ltr'><strong>Subdas,</strong></span> <span class='ocrx_word' id='word_1_220' title='bbox 527 2859 657 2920; x_wconf 87' lang='lat' dir='ltr'><strong>sustineo,</strong></span> <span class='ocrx_word' id='word_1_221' title='bbox 677 2873 774 2909; x_wconf 86' lang='lat' dir='ltr'><strong>cruca.¹</strong></span> <span class='ocrx_word' id='word_1_222' title='bbox 788 2857 825 2920; x_wconf 92' lang='lat' dir='ltr'><strong>(v.</strong></span> <span class='ocrx_word' id='word_1_223' title='bbox 840 2853 987 2917; x_wconf 79' lang='lat' dir='ltr'><strong>Maiiam.)</strong></span> <span class='ocrx_word' id='word_1_224' title='bbox 1007 2880 1039 2890; x_wconf 89' lang='lat'><strong>—-</strong></span> <span class='ocrx_word' id='word_1_225' title='bbox 1061 2853 1199 2904; x_wconf 72' lang='lat' dir='ltr'><strong>Ouderub:</strong></span> 
     </span>
    </p>
   </div>
   <div class='ocr_carea' id='block_1_6' title="bbox 260 2943 1254 4119">
    <p class='ocr_par' dir='ltr' id='par_1_8' title="bbox 260 2943 1254 4119">
     <span class='ocr_line' id='line_1_32' title="bbox 314 2943 1254 3009; baseline -0.004 -9"><span class='ocrx_word' id='word_1_226' title='bbox 314 2947 417 3000; x_wconf 72' lang='lat' dir='ltr'><strong>Sidene</strong></span> <span class='ocrx_word' id='word_1_227' title='bbox 434 2947 587 2999; x_wconf 73' lang='lat' dir='ltr'><strong>sustineam</strong></span> <span class='ocrx_word' id='word_1_228' title='bbox 607 2962 698 3002; x_wconf 84' lang='lat' dir='ltr'><strong>cruce,</strong></span> <span class='ocrx_word' id='word_1_229' title='bbox 722 2950 740 2998; x_wconf 86' lang='lat' dir='ltr'><strong>i.</strong></span> <span class='ocrx_word' id='word_1_230' title='bbox 755 2962 778 2998; x_wconf 87' lang='lat' dir='ltr'><strong>e.</strong></span> <span class='ocrx_word' id='word_1_231' title='bbox 798 2945 915 2997; x_wconf 88' lang='lat' dir='ltr'><strong>insidens</strong></span> <span class='ocrx_word' id='word_1_232' title='bbox 933 2945 969 2996; x_wconf 87' lang='lat' dir='ltr'><strong>ita</strong></span> <span class='ocrx_word' id='word_1_233' title='bbox 990 2949 1018 2994; x_wconf 88' lang='lat' dir='ltr'><strong>ut</strong></span> <span class='ocrx_word' id='word_1_234' title='bbox 1033 2943 1174 3009; x_wconf 86' lang='lat' dir='ltr'><strong>deprimar,</strong></span> <span class='ocrx_word' id='word_1_235' title='bbox 1193 2958 1254 2996; x_wconf 89' lang='lat' dir='ltr'><strong>sus·</strong></span> 
     </span>
     <span class='ocr_line' id='line_1_33' title="bbox 263 3016 755 3082; baseline -0.006 -13"><span class='ocrx_word' id='word_1_236' title='bbox 263 3017 347 3069; x_wconf 85' lang='lat' dir='ltr'><strong>tinere</strong></span> <span class='ocrx_word' id='word_1_237' title='bbox 366 3018 477 3082; x_wconf 84' lang='lat' dir='ltr'><strong>possim.</strong></span> <span class='ocrx_word' id='word_1_238' title='bbox 498 3043 530 3053; x_wconf 94' lang='lat'>-</span> <span class='ocrx_word' id='word_1_239' title='bbox 564 3016 755 3067; x_wconf 74' lang='lat' dir='ltr'><strong>Burmannus:</strong></span> 
     </span>
     <span class='ocr_line' id='line_1_34' title="bbox 393 3086 706 3137; baseline -0.006 -1"><span class='ocrx_word' id='word_1_240' title='bbox 393 3087 468 3137; x_wconf 87' lang='lat' dir='ltr'><strong>Hanc</strong></span> <span class='ocrx_word' id='word_1_241' title='bbox 485 3086 549 3137; x_wconf 87' lang='lat' dir='ltr'><strong>mibi</strong></span> <span class='ocrx_word' id='word_1_242' title='bbox 566 3087 607 3135; x_wconf 91' lang='lat' dir='ltr'><strong>vet</strong></span> <span class='ocrx_word' id='word_1_243' title='bbox 627 3090 706 3136; x_wconf 85' lang='lat' dir='ltr'><strong>acuta</strong></span> 
     </span>
     <span class='ocr_line' id='line_1_35' title="bbox 392 3152 1252 3216; baseline -0.005 -11"><span class='ocrx_word' id='word_1_244' title='bbox 392 3156 420 3206; x_wconf 88' lang='lat' dir='ltr'><strong>Si</strong></span> <span class='ocrx_word' id='word_1_245' title='bbox 437 3157 496 3216; x_wconf 88' lang='lat' dir='ltr'><strong>das,</strong></span> <span class='ocrx_word' id='word_1_246' title='bbox 512 3156 640 3216; x_wconf 90' lang='lat' dir='ltr'><strong>sustineo,</strong></span> <span class='ocrx_word' id='word_1_247' title='bbox 658 3168 747 3207; x_wconf 84' lang='lat' dir='ltr'><strong>eruce.</strong></span> <span class='ocrx_word' id='word_1_248' title='bbox 761 3154 778 3206; x_wconf 92' lang='lat' dir='ltr'><strong>i.</strong></span> <span class='ocrx_word' id='word_1_249' title='bbox 790 3167 813 3205; x_wconf 90' lang='lat' dir='ltr'><strong>e.</strong></span> <span class='ocrx_word' id='word_1_250' title='bbox 833 3153 860 3203; x_wconf 89' lang='lat' dir='ltr'><strong>Si</strong></span> <span class='ocrx_word' id='word_1_251' title='bbox 878 3152 959 3201; x_wconf 87' lang='lat' dir='ltr'><strong>vitam</strong></span> <span class='ocrx_word' id='word_1_252' title='bbox 971 3152 1053 3204; x_wconf 90' lang='lat' dir='ltr'><strong>modo</strong></span> <span class='ocrx_word' id='word_1_253' title='bbox 1065 3152 1128 3202; x_wconf 87' lang='lat' dir='ltr'><strong>mibi</strong></span> <span class='ocrx_word' id='word_1_254' title='bbox 1139 3152 1195 3214; x_wconf 90' lang='lat' dir='ltr'><strong>das,</strong></span> <span class='ocrx_word' id='word_1_255' title='bbox 1213 3154 1252 3203; x_wconf 88' lang='lat' dir='ltr'><strong>vet</strong></span> 
     </span>
     <span class='ocr_line' id='line_1_36' title="bbox 262 3221 1249 3285; baseline -0.002 -12"><span class='ocrx_word' id='word_1_256' title='bbox 262 3225 287 3274; x_wconf 90' lang='lat' dir='ltr'><strong>in</strong></span> <span class='ocrx_word' id='word_1_257' title='bbox 306 3229 387 3276; x_wconf 88' lang='lat' dir='ltr'><strong>acuta</strong></span> <span class='ocrx_word' id='word_1_258' title='bbox 405 3238 498 3285; x_wconf 88' lang='lat' dir='ltr'><strong>cruce,</strong></span> <span class='ocrx_word' id='word_1_259' title='bbox 521 3226 650 3276; x_wconf 85' lang='lat' dir='ltr'><strong>sustineo.</strong></span> <span class='ocrx_word' id='word_1_260' title='bbox 688 3222 832 3274; x_wconf 81' lang='lat' dir='ltr'><strong>Sustiaere</strong></span> <span class='ocrx_word' id='word_1_261' title='bbox 850 3225 892 3272; x_wconf 91' lang='lat' dir='ltr'><strong>est</strong></span> <span class='ocrx_word' id='word_1_262' title='bbox 912 3223 1016 3285; x_wconf 87' lang='lat' dir='ltr'><strong>perpeti</strong></span> <span class='ocrx_word' id='word_1_263' title='bbox 1038 3221 1148 3285; x_wconf 88' lang='lat' dir='ltr'><strong>quaevis</strong></span> <span class='ocrx_word' id='word_1_264' title='bbox 1172 3223 1249 3274; x_wconf 89' lang='lat' dir='ltr'><strong>mala.</strong></span> 
     </span>
     <span class='ocr_line' id='line_1_37' title="bbox 263 3291 1252 3358; baseline -0.001 -18"><span class='ocrx_word' id='word_1_265' title='bbox 263 3309 287 3344; x_wconf 87' lang='lat' dir='ltr'><strong>v.</strong></span> <span class='ocrx_word' id='word_1_266' title='bbox 309 3293 464 3355; x_wconf 77' lang='lat' dir='ltr'><strong>Burman,</strong></span> <span class='ocrx_word' id='word_1_267' title='bbox 490 3295 537 3358; x_wconf 90' lang='lat' dir='ltr'><strong>qui</strong></span> <span class='ocrx_word' id='word_1_268' title='bbox 554 3301 642 3346; x_wconf 89' lang='lat' dir='ltr'><strong>tamen</strong></span> <span class='ocrx_word' id='word_1_269' title='bbox 660 3295 686 3344; x_wconf 87' lang='lat' dir='ltr'><strong>h.</strong></span> <span class='ocrx_word' id='word_1_270' title='bbox 707 3296 722 3343; x_wconf 93' lang='grc' dir='ltr'><strong>Ι.</strong></span> <span class='ocrx_word' id='word_1_271' title='bbox 745 3292 860 3344; x_wconf 79' lang='lat' dir='ltr'><strong>malebat</strong></span> <span class='ocrx_word' id='word_1_272' title='bbox 877 3291 1054 3355; x_wconf 85' lang='lat' dir='ltr'><strong>interpretari:</strong></span> <span class='ocrx_word' id='word_1_273' title='bbox 1082 3291 1166 3342; x_wconf 86' lang='lat' dir='ltr'><strong>uitam</strong></span> <span class='ocrx_word' id='word_1_274' title='bbox 1185 3307 1252 3357; x_wconf 84' lang='lat' dir='ltr'><strong>pra·</strong></span> 
     </span>
     <span class='ocr_line' id='line_1_38' title="bbox 263 3359 1254 3423; baseline -0.003 -12"><span class='ocrx_word' id='word_1_275' title='bbox 263 3361 386 3413; x_wconf 79' lang='lat' dir='ltr'><strong>trabere.</strong></span> <span class='ocrx_word' id='word_1_276' title='bbox 406 3390 438 3398; x_wconf 95' lang='lat'>—</span> <span class='ocrx_word' id='word_1_277' title='bbox 474 3363 563 3414; x_wconf 81' lang='lat' dir='ltr'><strong>Hand.</strong></span> <span class='ocrx_word' id='word_1_278' title='bbox 589 3364 623 3413; x_wconf 90' lang='lat' dir='ltr'><strong>ad</strong></span> <span class='ocrx_word' id='word_1_279' title='bbox 648 3366 727 3413; x_wconf 87' lang='lat' dir='ltr'><strong>Gran.</strong></span> <span class='ocrx_word' id='word_1_280' title='bbox 753 3364 833 3413; x_wconf 89' lang='lat' dir='ltr'><strong>Diatr.</strong></span> <span class='ocrx_word' id='word_1_281' title='bbox 860 3361 888 3412; x_wconf 89' lang='lat' dir='ltr'><strong>in</strong></span> <span class='ocrx_word' id='word_1_282' title='bbox 911 3362 974 3413; x_wconf 87' lang='lat' dir='ltr'><strong>Stat.</strong></span> <span class='ocrx_word' id='word_1_283' title='bbox 997 3363 1017 3410; x_wconf 90' lang='lat'><strong>1.</strong></span> <span class='ocrx_word' id='word_1_284' title='bbox 1043 3374 1070 3423; x_wconf 85' lang='lat' dir='ltr'><strong>p.</strong></span> <span class='ocrx_word' id='word_1_285' title='bbox 1093 3359 1154 3410; x_wconf 87' lang='lat'>188:</span> <span class='ocrx_word' id='word_1_286' title='bbox 1179 3361 1254 3408; x_wconf 85' lang='lat' dir='ltr'><strong>Hanc</strong></span> 
     </span>
     <span class='ocr_line' id='line_1_39' title="bbox 262 3428 1252 3496; baseline -0.004 -14"><span class='ocrx_word' id='word_1_287' title='bbox 262 3431 338 3482; x_wconf 85' lang='lat' dir='ltr'><strong>mibi:</strong></span> <span class='ocrx_word' id='word_1_288' title='bbox 361 3432 404 3483; x_wconf 84' lang='lat' dir='ltr'><strong>vet</strong></span> <span class='ocrx_word' id='word_1_289' title='bbox 421 3435 500 3484; x_wconf 88' lang='lat' dir='ltr'><strong>acuta</strong></span> <span class='ocrx_word' id='word_1_290' title='bbox 520 3431 556 3485; x_wconf 86' lang='lat' dir='ltr'><strong>Se</strong></span> <span class='ocrx_word' id='word_1_291' title='bbox 576 3432 635 3493; x_wconf 82' lang='lat' dir='ltr'><strong>det,</strong></span> <span class='ocrx_word' id='word_1_292' title='bbox 654 3434 786 3496; x_wconf 88' lang='lat' dir='ltr'><strong>sustineo,</strong></span> <span class='ocrx_word' id='word_1_293' title='bbox 805 3445 894 3482; x_wconf 89' lang='lat' dir='ltr'><strong>cruce.</strong></span> <span class='ocrx_word' id='word_1_294' title='bbox 920 3433 939 3481; x_wconf 92' lang='lat'><strong>1.</strong></span> <span class='ocrx_word' id='word_1_295' title='bbox 962 3444 983 3480; x_wconf 93' lang='lat' dir='ltr'><strong>e.</strong></span> <span class='ocrx_word' id='word_1_296' title='bbox 1012 3431 1086 3480; x_wconf 84' lang='lat' dir='ltr'><strong>Hanc</strong></span> <span class='ocrx_word' id='word_1_297' title='bbox 1102 3428 1165 3479; x_wconf 86' lang='lat' dir='ltr'><strong>mihi</strong></span> <span class='ocrx_word' id='word_1_298' title='bbox 1184 3429 1252 3487; x_wconf 85' lang='lat' dir='ltr'><strong>volo,</strong></span> 
     </span>
     <span class='ocr_line' id='line_1_40' title="bbox 260 3496 1249 3562; baseline -0.006 -10"><span class='ocrx_word' id='word_1_299' title='bbox 260 3499 369 3552; x_wconf 84' lang='lat' dir='ltr'><strong>etiamsi</strong></span> <span class='ocrx_word' id='word_1_300' title='bbox 385 3507 465 3554; x_wconf 84' lang='lat' dir='ltr'><strong>acuta</strong></span> <span class='ocrx_word' id='word_1_301' title='bbox 473 3517 546 3560; x_wconf 79' lang='lat' dir='ltr'><strong>cum</strong></span> <span class='ocrx_word' id='word_1_302' title='bbox 566 3516 647 3554; x_wconf 84' lang='lat' dir='ltr'><strong>eruce</strong></span> <span class='ocrx_word' id='word_1_303' title='bbox 664 3503 763 3562; x_wconf 85' lang='lat' dir='ltr'><strong>sedet,</strong></span> <span class='ocrx_word' id='word_1_304' title='bbox 783 3506 809 3552; x_wconf 92' lang='lat' dir='ltr'><strong>et</strong></span> <span class='ocrx_word' id='word_1_305' title='bbox 827 3501 955 3551; x_wconf 87' lang='lat' dir='ltr'><strong>sustineo.</strong></span> <span class='ocrx_word' id='word_1_306' title='bbox 968 3525 1002 3533; x_wconf 85' lang='lat'>-</span> <span class='ocrx_word' id='word_1_307' title='bbox 1033 3498 1135 3548; x_wconf 79' lang='lat' dir='ltr'><strong>Weber</strong></span> <span class='ocrx_word' id='word_1_308' title='bbox 1152 3496 1188 3546; x_wconf 88' lang='lat' dir='ltr'><strong>ita</strong></span> <span class='ocrx_word' id='word_1_309' title='bbox 1206 3510 1249 3546; x_wconf 88' lang='lat' dir='ltr'><strong>vv.</strong></span> 
     </span>
     <span class='ocr_line' id='line_1_41' title="bbox 261 3570 513 3635; baseline 0.008 -16"><span class='ocrx_word' id='word_1_310' title='bbox 261 3570 393 3621; x_wconf 74' lang='lat' dir='ltr'><strong>transtulit</strong></span> <span class='ocrx_word' id='word_1_311' title='bbox 411 3587 437 3635; x_wconf 87' lang='lat' dir='ltr'><strong>p.</strong></span> <span class='ocrx_word' id='word_1_312' title='bbox 451 3570 513 3624; x_wconf 77' lang='lat'>148:</span> 
     </span>
     <span class='ocr_line' id='line_1_42' title="bbox 393 3634 1244 3702; baseline -0.009 -10"><span class='ocrx_word' id='word_1_313' title='bbox 393 3639 498 3693; x_wconf 71' lang='lat' dir='ltr'><strong>Macte</strong></span> <span class='ocrx_word' id='word_1_314' title='bbox 515 3638 700 3702; x_wconf 73' lang='lat' dir='ltr'><strong>(Sciickaaii)</strong></span> <span class='ocrx_word' id='word_1_315' title='bbox 717 3636 791 3689; x_wconf 81' lang='lat' dir='ltr'><strong>iaim</strong></span> <span class='ocrx_word' id='word_1_316' title='bbox 811 3634 885 3685; x_wconf 74' lang='lat' dir='ltr'><strong>mici</strong></span> <span class='ocrx_word' id='word_1_317' title='bbox 904 3650 939 3685; x_wconf 88' lang='lat' dir='ltr'><strong>aa</strong></span> <span class='ocrx_word' id='word_1_318' title='bbox 959 3634 1063 3685; x_wconf 83' lang='lat' dir='ltr'><strong>meiaer</strong></span> <span class='ocrx_word' id='word_1_319' title='bbox 1085 3634 1176 3695; x_wconf 81' lang='lat' dir='ltr'><strong>iiaad,</strong></span> <span class='ocrx_word' id='word_1_320' title='bbox 1239 3686 1244 3695; x_wconf 68' lang='grc'><em>,</em></span> 
     </span>
     <span class='ocr_line' id='line_1_43' title="bbox 308 3707 854 3774; baseline -0.016 -11"><span class='ocrx_word' id='word_1_321' title='bbox 308 3765 314 3774; x_wconf 63' lang='grc'><strong>,</strong></span> <span class='ocrx_word' id='word_1_322' title='bbox 393 3707 480 3762; x_wconf 77' lang='lat' dir='ltr'><strong>Labra</strong></span> <span class='ocrx_word' id='word_1_323' title='bbox 500 3725 544 3760; x_wconf 82' lang='lat' dir='ltr'><strong>aar</strong></span> <span class='ocrx_word' id='word_1_324' title='bbox 565 3708 666 3770; x_wconf 73' lang='lat' dir='ltr'><strong>Fusae,</strong></span> <span class='ocrx_word' id='word_1_325' title='bbox 685 3709 735 3759; x_wconf 83' lang='lat' dir='ltr'><strong>der</strong></span> <span class='ocrx_word' id='word_1_326' title='bbox 755 3707 854 3767; x_wconf 69' lang='lat' dir='ltr'><strong>Hister</strong></span> 
     </span>
     <span class='ocr_line' id='line_1_44' title="bbox 395 3775 916 3842; baseline -0.012 -14"><span class='ocrx_word' id='word_1_327' title='bbox 395 3776 515 3829; x_wconf 77' lang='lat' dir='ltr'><strong>Titirme</strong></span> <span class='ocrx_word' id='word_1_328' title='bbox 533 3776 641 3842; x_wconf 70' lang='lat' dir='ltr'><strong>bacilia</strong></span> <span class='ocrx_word' id='word_1_329' title='bbox 660 3778 710 3828; x_wconf 82' lang='lat' dir='ltr'><strong>den</strong></span> <span class='ocrx_word' id='word_1_330' title='bbox 729 3775 839 3827; x_wconf 75' lang='lat' dir='ltr'><strong>tracter</strong></span> <span class='ocrx_word' id='word_1_331' title='bbox 857 3775 916 3837; x_wconf 74' lang='lat' dir='ltr'><strong>auf,</strong></span> 
     </span>
     <span class='ocr_line' id='line_1_45' title="bbox 393 3844 816 3908; baseline -0.009 -9"><span class='ocrx_word' id='word_1_332' title='bbox 393 3846 465 3899; x_wconf 74' lang='lat' dir='ltr'><strong>Lara</strong></span> <span class='ocrx_word' id='word_1_333' title='bbox 484 3847 621 3908; x_wconf 77' lang='lat' dir='ltr'><strong>aaafailea</strong></span> <span class='ocrx_word' id='word_1_334' title='bbox 641 3845 687 3898; x_wconf 83' lang='lat' dir='ltr'><strong>die</strong></span> <span class='ocrx_word' id='word_1_335' title='bbox 703 3844 816 3896; x_wconf 76' lang='lat' dir='ltr'><strong>Zdiae:</strong></span> 
     </span>
     <span class='ocr_line' id='line_1_46' title="bbox 393 3913 933 3979; baseline -0.009 -11"><span class='ocrx_word' id='word_1_336' title='bbox 393 3915 487 3968; x_wconf 75' lang='lat' dir='ltr'><strong>Bteitt</strong></span> <span class='ocrx_word' id='word_1_337' title='bbox 507 3916 559 3966; x_wconf 79' lang='lat' dir='ltr'><strong>das</strong></span> <span class='ocrx_word' id='word_1_338' title='bbox 578 3915 668 3967; x_wconf 72' lang='lat' dir='ltr'><strong>Leaen</strong></span> <span class='ocrx_word' id='word_1_339' title='bbox 686 3930 752 3976; x_wconf 83' lang='lat' dir='ltr'><strong>aar,</strong></span> <span class='ocrx_word' id='word_1_340' title='bbox 773 3913 811 3965; x_wconf 82' lang='lat' dir='ltr'><strong>iat</strong></span> <span class='ocrx_word' id='word_1_341' title='bbox 829 3929 858 3964; x_wconf 82' lang='lat' dir='ltr'><strong>ea</strong></span> <span class='ocrx_word' id='word_1_342' title='bbox 877 3920 933 3979; x_wconf 75' lang='lat' dir='ltr'><strong>yut,</strong></span> 
     </span>
     <span class='ocr_line' id='line_1_47' title="bbox 393 3980 867 4046; baseline -0.008 -10"><span class='ocrx_word' id='word_1_343' title='bbox 393 3983 478 4036; x_wconf 78' lang='lat' dir='ltr'><strong>Diem</strong></span> <span class='ocrx_word' id='word_1_344' title='bbox 497 3984 603 4038; x_wconf 75' lang='lat' dir='ltr'><strong>crinita</strong></span> <span class='ocrx_word' id='word_1_345' title='bbox 623 3982 694 4046; x_wconf 88' lang='lat' dir='ltr'><strong>mir,</strong></span> <span class='ocrx_word' id='word_1_346' title='bbox 717 3981 803 4035; x_wconf 76' lang='lat' dir='ltr'><strong>bucit&#39;</strong></span> <span class='ocrx_word' id='word_1_347' title='bbox 822 3980 867 4034; x_wconf 81' lang='lat' dir='ltr'><strong>icit</strong></span> 
     </span>
     <span class='ocr_line' id='line_1_48' title="bbox 395 4051 921 4119; baseline -0.011 -13"><span class='ocrx_word' id='word_1_348' title='bbox 395 4054 454 4116; x_wconf 62' lang='lat' dir='ltr'><strong>Aut</strong></span> <span class='ocrx_word' id='word_1_349' title='bbox 470 4054 531 4104; x_wconf 85' lang='lat' dir='ltr'><strong>dem</strong></span> <span class='ocrx_word' id='word_1_350' title='bbox 550 4053 660 4106; x_wconf 76' lang='lat' dir='ltr'><strong>Kreuze</strong></span> <span class='ocrx_word' id='word_1_351' title='bbox 678 4068 764 4119; x_wconf 76' lang='lat' dir='ltr'><strong>sayna·</strong></span> <span class='ocrx_word' id='word_1_352' title='bbox 782 4051 921 4119; x_wconf 65' lang='lat' dir='ltr'><strong>neptiiickt.</strong></span> 
     </span>
    </p>
   </div>
   <div class='ocr_carea' id='block_1_7' title="bbox 0 0 1747 5600">
    <p class='ocr_par' dir='ltr' id='par_1_9' title="bbox 0 0 1747 5600">
     <span class='ocr_line' id='line_1_49' title="bbox 0 0 1747 5600; baseline 0 0"><span class='ocrx_word' id='word_1_353' title='bbox 0 0 1747 5600; x_wconf 95' lang='lat' dir='ltr'><strong> </strong></span> 
     </span>
    </p>
   </div>
  </div>
 </body>
</html>
