3484 5600
521 790 563 853 ³6
860 784 1172 848 annunciamus.

520 970 611 1049 plano
633 965 791 1029 scribendi
814 983 912 1046 genus
935 966 1027 1025 irrisit
1050 966 1165 1027 Seneca
1185 967 1220 1042 ¹).
1264 967 1391 1031 Scilicet
1413 973 1509 1033 molli-

521 1055 608 1131 tiam,
631 1071 725 1132 quarn
747 1052 778 1110 in
800 1049 1057 1129 culturamque,
1082 1051 1204 1111 incessu
1221 1053 1396 1132 ceterisque
1419 1057 1509 1118 rebus

522 1137 701 1212 aiicctaltat,
730 1152 798 1194 eam
823 1135 853 1193 in
877 1134 1012 1194 carmina
1037 1153 1160 1213 quoque
1183 1144 1212 1196 ct
1235 1136 1293 1196 alia
1314 1140 1433 1217 scripta
1456 1141 1507 1201 ad·

522 1225 615 1284 misit.
657 1220 740 1281 Solet
762 1218 841 1277 enim
867 1218 1023 1277 hominum
1041 1219 1100 1277 vita
1121 1221 1150 1279 in
1168 1220 1304 1280 oratione
1321 1240 1430 1283 eorum
1449 1226 1506 1285 lere

522 1306 672 1387 conspici,
699 1301 783 1383 quod
805 1300 946 1381 pluribus
971 1300 1094 1380 pulchre
1118 1304 1295 1382 explanavit
1317 1305 1436 1369 Seneca
1458 1308 1504 1368 l.l.

522 1393 599 1453 llinc
620 1391 723 1469 igitur,
752 1393 785 1446 ut
813 1394 896 1445 certe
926 1404 963 1445 ex
993 1386 1171 1464 fragmentis
1202 1387 1344 1466 plurimis
1370 1392 1504 1472 intelligi-

522 1495 608 1553 mus,
638 1472 734 1534 oratio
756 1471 821 1530 iere
844 1477 893 1530 est
914 1469 1031 1548 mollis,
1062 1469 1227 1549 dissoluta,
1255 1471 1438 1555 lasciviens,
1463 1478 1503 1535 ni-

523 1562 582 1620 mis
605 1563 705 1619 comta
730 1561 759 1615 et
781 1560 902 1631 ornata,
930 1572 1033 1633 neque
1063 1562 1164 1616 mmen
1196 1557 1271 1617 satis
1294 1566 1434 1621 correcta
1458 1578 1504 1619 nec

523 1777 658 1841 gutorurn,
682 1773 781 1838 berytte
799 1773 943 1835 Porsenae,
972 1773 1165 1824 carbunculum
1191 1772 1301 1834 habeas,
1329 1768 1373 1822 ἵνα
1398 1773 1502 1832 συντέμω

522 1843 612 1896 πάντα
630 1840 759 1906 μάλαγμα
782 1837 840 1903 (ἵνα
859 1842 978 1892 συντείνω
995 1840 1084 1892 πάντα
1108 1838 1286 1905 μαλάγματα)
1311 1844 1502 1894 moecharum.“

523 1916 613 1978 (Varis
634 1915 687 1965 troc
709 1913 884 1976 fragmentum
908 1914 1091 1963 emacularunt
1109 1910 1234 1963 Crinitus
1252 1913 1286 1964 de
1304 1913 1413 1964 Honest.
1437 1913 1499 1962 Disc.

522 1984 568 2044 24,
588 1982 628 2033 12.
668 1981 772 2032 Rosius
795 1981 829 2029 ad
854 1981 937 2031 Cicer.
960 1980 1164 2039 adAtt.8,15
1199 1981 1298 2044 p.104.
1338 1980 1501 2033 Caaaahad

522 2053 621 2101 Suelon
653 2047 768 2104 Garald.
787 2048 852 2098 Dial.
874 2049 975 2098 Poetar.
1001 2047 1142 2098 Pantanus
1161 2047 1194 2096 ad
1213 2049 1293 2099 Macr.
1323 2050 1441 2102 Turnat.
1460 2050 1503 2099 td

521 2132 590 2169 vers.
613 2117 657 2176 18,
676 2103 701 2164 2
723 2116 773 2165 atii.
803 2116 835 2165 ct.
857 2115 891 2165 ad
911 2117 1001 2179 fragm.
1016 2115 1041 2166 4.
1063 2116 1114 2165 sub
1133 2116 1191 2175 fin.)
1214 2118 1295 2167 Tacit.
1317 2117 1375 2168 sive
1393 2121 1504 2172 incertus

522 2191 620 2239 luctor
638 2183 739 2247 Dialogi
756 2182 789 2232 de
807 2183 897 2234 causis
916 2198 983 2235 corr.
1003 2185 1077 2247 Etoq.
1097 2197 1121 2234 c.
1135 2182 1177 2233 26.
1205 2186 1347 2244 „Ceterum
1367 2187 1390 2234 si
1409 2189 1503 2239 omissa

521 2257 623 2322 optimo
638 2254 683 2304 illo
699 2257 725 2303 et
740 2252 932 2316 perfectissimo
949 2266 1043 2316 genera
1059 2251 1224 2315 eloquentiae
1238 2254 1355 2318 eligenda
1372 2255 1408 2304 sit
1424 2258 1504 2307 torma

521 2324 636 2383 dicendi,
661 2321 749 2373 malim
768 2322 876 2372 hercule
894 2322 922 2371 C.
943 2321 1054 2373 Gracchi
1071 2322 1214 2386 impetum,
1237 2330 1285 2374 aut
1303 2324 1329 2374 t.
1345 2324 1437 2375 Crassi
1455 2340 1505 2376 ma·

520 2395 667 2454 toritatem,
691 2405 772 2456 quam
796 2388 977 2442 columnatam
998 2390 1186 2449 illaeceaotia,
1218 2398 1264 2444 aut
1287 2394 1397 2443 tinnitus
1416 2396 1505 2445 Gallio-

520 2464 586 2516 nis.“
621 2460 661 2512 dd
684 2474 764 2525 quem
787 2462 876 2511 locum
903 2460 997 2511 llere:
1027 2459 1232 2523 „calamitatem
1257 2477 1278 2513 s.
1298 2461 1465 2514 calamistro
1483 2478 1502 2513 s.

521 2532 714 2585 calamistrum
735 2530 898 2594 (dequibus
916 2531 1008 2581 formis
1026 2531 1070 2581 vd.
1089 2531 1186 2594 Meyer.
1206 2533 1240 2581 ad
1260 2533 1313 2583 Cic.
1329 2534 1399 2582 Orat.
1412 2532 1454 2594 27,
1465 2533 1502 2584 78.

522 2602 631 2654 l'reund.
652 2600 712 2649 Lex.
733 2599 802 2664 tat.)
819 2604 860 2651 est
878 2613 944 2651 acus
963 2601 1048 2663 major
1066 2600 1159 2660 ferrea,
1184 2613 1254 2663 quae
1272 2603 1400 2653 calefacta
1420 2608 1445 2654 et
1462 2603 1505 2652 ad-

521 2672 603 2723 hiblta
627 2670 726 2734 crispat
748 2669 866 2735 capillos.
905 2669 993 2733 Signis.
1018 2671 1142 2720 translata
1166 2669 1263 2721 dicitur
1289 2672 1323 2723 de
1345 2672 1427 2723 nimio
1450 2684 1505 2723 ora·

521 2742 601 2793 tionis
625 2744 720 2790 ornatu
749 2743 775 2790 et
798 2739 883 2790 ascita
912 2744 937 2790 et
960 2740 1047 2791 iucata
1071 2740 1206 2804 elegantia.
1236 2742 1336 2791 Ruhnk.
1362 2742 1450 2791 schol.
1474 2740 1506 2791 ad

524 2816 598 2865 Suet.
625 2812 698 2862 Caes.
718 2809 759 2861 56.
791 2810 844 2861 Cic.
870 2810 940 2860 Orat.
960 2811 977 2861 Ι.
997 2811 1013 2860 l.
1049 2809 1115 2861 Tuae
1142 2811 1328 2862 rearoaeie'lur
1351 2810 1443 2862 omnis
1464 2814 1505 2862 in·

523 2879 847 3004 tlt'tttt'l'ttttt'
865 2878 1506 3012 'tttlttttltlt‘{litttitttttttttl

571 2969 585 3002 e
689 2985 694 2997 .
788 2987 794 2999 .
853 2988 859 3009 ,
931 2987 937 2999 .
1105 2965 1110 2976 ·
1500 2987 1506 2998 .

523 3025 623 3072 annott.
644 3020 741 3084 Meyer.
761 3021 787 3070 et
805 3019 889 3069 iterun
891 3055 1013 3070 ......
1052 3018 1096 3081 [ci.
1118 3019 1206 3081 paullo
1225 3021 1285 3068 ante
1302 3017 1336 3067 ad
1354 3031 1379 3066 v.
1401 3018 1508 3069 cincia-

523 3087 595 3151 nos.]
619 3091 697 3140 Recte
714 3092 802 3139 autam
819 3087 961 3138 calamistri
978 3087 1155 3139 traducuntur
1171 3086 1204 3137 ad
1215 3100 1298 3152 genus
1312 3085 1416 3137 dicendi
1433 3088 1509 3139 molle

522 3163 549 3211 el
567 3158 709 3209 delicatum
727 3161 754 3209 et
770 3157 848 3207 ulmis
873 3157 1023 3222 quaesitum
1041 3157 1212 3217 Maecenatis,
1235 3157 1293 3221 qui,
1320 3155 1393 3221 quod
1412 3158 1439 3207 in
1456 3156 1509 3208 vita

521 3228 626 3279 luxuria
643 3226 775 3278 diitlueret
792 3225 945 3291 nimiaeque
963 3226 1105 3290 elegantiae
1124 3230 1149 3274 et
1166 3226 1323 3286 munditiae,
1349 3239 1419 3289 quae
1437 3227 1509 3276 viros

521 3310 575 3346 non
595 3297 711 3355 deceret,
734 3295 873 3347 studiosus
891 3299 973 3356 esset,
996 3307 1010 3343 a
1031 3292 1155 3343 Romanis
1173 3295 1234 3354 lure
1257 3308 1289 3344 ac
1308 3295 1401 3346 merito
1420 3309 1510 3358 repra·

521 3365 622 3414 hensus
642 3375 674 3412 ac
692 3363 829 3413 vellicatus
849 3367 900 3422 est,
920 3363 987 3412 adeo
1006 3366 1034 3410 ut
1047 3360 1169 3411 Horatius
1187 3361 1285 3412 ficticia
1303 3364 1411 3416 nomine
1430 3362 1510 3415 Mal-

522 3429 598 3483 clls'ai
617 3432 660 3492 (al.
683 3427 831 3490 Malthini)
854 3431 909 3480 sat.
929 3431 950 3491 1,
968 3428 997 3489 2,
1016 3427 1059 3480 25.
1080 3431 1137 3490 ejus
1156 3430 1291 3483 mollitiam
1308 3438 1423 3485 notaret:
1443 3470 1450 3484 .
1472 3470 1478 3483 .
1501 3471 1507 3483 .

652 3498 688 3548 ct.
709 3495 860 3549 Maitomii
877 3499 960 3550 Maec.
983 3535 989 3549 .
1012 3533 1048 3548 ..
1084 3496 1153 3548 Lioa
1174 3500 1405 3555 Maecenat...
1441 3501 1510 3552 licl-

521 3567 593 3622 elein
612 3568 786 3632 arotegomm.
805 3567 832 3617 ln
852 3567 974 3619 Taciti..
990 3604 996 3618 .
1017 3566 1082 3617 Dial.
1103 3567 1137 3618 de
1155 3568 1235 3620 Orati.
1249 3572 1305 3622 ilat.
1318 3570 1468 3624 Sax.1835.
1482 3569 1508 3621 4.

520 3651 547 3704 p.
566 3636 602 3705 fii
622 3635 707 3688 9163.
754 3635 904 3687 Weslerm.
929 3632 1025 3687 Gescll.
1051 3635 1102 3687 der
1124 3641 1192 3689 rttm.
1218 3639 1396 3693 Beaedsaml.
1421 3640 1447 3701 ς,
1465 3638 1509 3692 84.

522 3706 626 3760 Mansa
645 3721 730 3757 verm.
753 3701 901 3756 Atlaaatt.
921 3720 947 3770 p.
962 3705 1036 3757 105.“
1070 3706 1144 3759 Adde
1163 3708 1196 3758 ad
1216 3724 1285 3774 quos
1304 3709 1407 3775 ablegat
1429 3707 1511 3760 Wol-

522 3775 638 3829 clmaer
658 3777 686 3826 T.
703 3776 721 3825 1.
742 3789 768 3839 p.
788 3772 846 3826 133.
866 3779 923 3826 not.
940 3776 964 3826 1.

575 3866 601 3929 1)
637 3866 683 3932 Ep.
705 3863 765 3915 114.
792 3863 941 3924 „commoti
958 3863 1036 3914 nimis
1054 3861 1191 3928 (hominis)
1210 3865 1317 3917 incitata
1335 3864 1431 3928 (oratio
1451 3866 1512 3930 est),

521 3934 626 3986 delicati
643 3941 732 3990 tenera
750 3937 776 3985 et
794 3934 876 3986 fluxa.
914 3936 991 3995 Quod
1014 3933 1088 3984 vides
1112 3933 1178 3984 istos
1202 3937 1291 3999 sequi,
1316 3935 1362 4000 qui
1385 3938 1431 3984 aut
1455 3937 1513 3986 vet-

520 4005 578 4055 lunt
598 4003 724 4068 barbam,
748 4007 795 4055 aul
817 4003 996 4056 intervetlunt:
1025 4004 1072 4068 qui
1102 4002 1175 4054 labra
1204 4005 1323 4071 pressius
1351 4005 1462 4057 tondent
1485 4009 1512 4056 et

521 4071 666 4134 abradunt,
688 4078 793 4126 servata
814 4078 840 4124 et
863 4075 998 4126 submissa
1017 4078 1103 4125 cetera
1123 4074 1208 4139 parte}
1236 4075 1282 4139 qui
1300 4076 1418 4125 lacernas
1437 4075 1513 4125 colo·

521 4144 558 4195 rls
576 4141 691 4208 improbi
709 4147 832 4205 sumunt,
855 4144 903 4207 qui
920 4145 1100 4208 perlucentem
1119 4147 1217 4207 togam:
1248 4142 1295 4208 qui
1314 4144 1406 4194 nolunt
1424 4144 1512 4195 lacere

521 4212 681 4279 quidquam,
704 4212 778 4277 quod
796 4213 933 4265 hominum
957 4213 1042 4264 oeulis
1066 4211 1177 4263 transire
1195 4213 1279 4265 liceat.
1314 4212 1512 4273 irritantium,

522 4287 548 4335 et
565 4285 591 4335 in
610 4296 640 4335 se
657 4281 808 4334 advertunt:
834 4284 928 4333 volunt
949 4283 990 4332 vet
1009 4281 1178 4346 reprehendi,
1196 4283 1260 4333 dum
1278 4283 1408 4347 conspici.
1439 4282 1511 4333 Talis

521 4356 563 4403 est
581 4351 667 4405 oratio
684 4351 854 4412 Maecenatis,
881 4352 1057 4416 omniumque
1079 4350 1205 4412 aliorum,
1233 4351 1279 4416 qui
1302 4365 1355 4401 oon
1380 4365 1447 4404 casu
1469 4365 1512 4402 er-

521 4424 590 4483 rant,
613 4422 661 4474 sed
679 4423 795 4476 solentes
811 4422 1011 4485 volentesque.“
1039 4420 1130 4470 Plures
1148 4421 1223 4472 locos
1241 4435 1265 4473 v.
1285 4421 1361 4473 inira.
