3484 5600
716 792 1029 854 MAECENATIANA.

754 1016 784 1064 11.
821 1014 992 1079 tragoediae.

437 1151 486 1208 An
512 1148 583 1225 jure
606 1141 742 1223 quodam
772 1142 812 1203 de
834 1144 1018 1205 Maecenatis
1045 1148 1239 1229 Tragoedtls
1262 1170 1363 1215 sermo
1409 1201 1414 1207 .

379 1252 445 1293 esse
467 1229 585 1310 possit,
614 1226 757 1287 dubitare
780 1226 857 1287 licet.
891 1230 1004 1310 Longe
1024 1232 1054 1290 in
1073 1232 1216 1294 Vindiciis
1231 1237 1363 1317 Tragoe.

377 1317 442 1377 diae
466 1316 625 1375 Romanae
647 1331 677 1390 p.
697 1316 758 1373 ll.:
792 1309 904 1387 „Quod
927 1312 1085 1375 Maecenas
1108 1318 1230 1397 tragicis
1254 1329 1362 1384 accen.

377 1407 460 1461 setur
476 1397 521 1475 ¹),
550 1401 726 1474 acceptum,
751 1395 874 1473 opinor,
897 1396 989 1455 refert
1010 1400 1132 1459 nonnisi
1155 1402 1363 1484 inscriptioni·

359 1484 434 1544 'bus
461 1480 635 1544 libellorum
664 1498 682 1539 a
711 1496 746 1539 se
776 1476 945 1554 editorum,
975 1499 1104 1559 quorum
1133 1485 1209 1546 alter
1237 1489 1363 1551 Prome·

377 1568 480 1645 theos,
514 1565 590 1624 alter
615 1562 754 1624 Octavia.
798 1564 913 1623 Verum
936 1582 1030 1642 quum
1054 1566 1171 1629 Seneca
1188 1568 1215 1646 ²)
1238 1573 1364 1634 Prome.

376 1652 480 1712 tbeum
506 1647 625 1712 libum
646 1645 790 1727 appellet,
812 1664 876 1707 non
893 1646 1052 1730 fabulum,
1077 1651 1363 1729 apudPriscianum

376 1743 480 1797 autem
503 1730 666 1793 cellectio
689 1731 805 1790 incerta
828 1731 877 1806 sit,
900 1750 995 1811 quum
1018 1734 1223 1812 fragmentum
1246 1759 1283 1800 ex
1305 1741 1364 1805 boo

374 1820 444 1897 ipso
465 1815 547 1877 libro
576 1814 754 1895 decerptum
780 1813 963 1894 galliambos
992 1817 1091 1895 magis
1120 1837 1213 1897 quam
1243 1828 1363 1903 tragoe-

377 1901 462 1960 diam
486 1900 586 1980 spiret
598 1899 643 1977 ³),
668 1900 874 1959 Maecenatem
904 1900 1044 1977 ingenio,
1072 1900 1212 1963 moribus
1235 1924 1271 1966 ao
1294 1908 1362 1967 stilo

375 1984 470 2063 plano
494 1982 640 2043 enervem
662 2000 699 2044 ex
721 1983 907 2061 tragicorum
932 1984 1025 2044 choro
1045 1984 1271 2050 excludendum
1294 2009 1363 2052 esse

376 2070 425 2128 vix
448 2066 555 2129 adbuc
574 2065 763 2128 dubitabitur
777 2065 816 2143 ⁴).

376 2243 587 2255 ---.---

441 2348 524 2411 noes,
541 2347 639 2412 inquit,
659 2348 675 2397 b
694 2347 792 2412 Cybele
813 2347 867 2398 lere
884 2347 1016 2399 montium
1035 2351 1095 2411 Dea,

440 2419 570 2479 Ades,'et
587 2421 699 2469 sonante
716 2422 844 2482 tympano
863 2422 944 2481 quate
962 2419 1074 2471 flexibile
1092 2425 1181 2484 caput.

441 2488 598 2539 Proximum
617 2487 657 2538 sic
673 2487 741 2537 latus
758 2488 865 2537 horreat
880 2488 994 2552 flagello,
1014 2490 1142 2538 comitum
1159 2489 1258 2540 chorus
1271 2492 1362 2552 ululet;

375 2559 418 2609 ubi
440 2559 496 2608 illa:
525 2555 692 2607 Proximum
715 2556 758 2607 aie
781 2558 952 2609 Grammatici
978 2570 1087 2608 versum
1111 2558 1183 2608 hunc
1207 2560 1363 2622 proterentis

375 2641 432 2679 esse
450 2626 534 2677 verba
552 2625 618 2676 vidit
636 2624 814 2677 Burmannus
834 2627 910 2677 adh.
932 2629 946 2678 Ι.
990 2627 1061 2677 Idem
1082 2626 1249 2689 conjiciebat:
1273 2628 1364 2679 turri·

374 2712 443 2761 pero
464 2696 525 2747 Dea
543 2693 614 2756 (coll.
635 2695 711 2744 Ovid.
733 2696 801 2747 last.
820 2695 849 2757 4,
867 2695 928 2748 224.
957 2696 1075 2761 Propert.
1088 2697 1116 2758 3,
1137 2697 1181 2757 15,
1199 2698 1242 2750 35.
1267 2700 1361 2750 senec.

374 2771 528 2831 Agamemn.
542 2763 629 2829 684.),
647 2766 688 2816 vel
707 2778 769 2826 cum
790 2764 950 2818 Schradero
967 2766 1105 2830 legendum
1124 2779 1194 2818 esse:
1213 2766 1364 2820 moirticola

375 2836 435 2886 Deo
453 2837 527 2898 (coll.
547 2834 639 2887 Catull.
659 2833 702 2886 64.
733 2836 820 2901 virgil.
840 2839 904 2887 Aen.
924 2835 952 2896 3,
970 2834 1021 2898 3.),
1045 2837 1095 2886 nisi
1114 2850 1176 2888 cum
1193 2836 1321 2888 Diomede
1339 2841 1365 2888 et

375 2907 509 2956 Fortunat.
530 2901 663 2956 restituas:

443 2976 514 3025 Ades
532 2973 596 3035 h'uc,
621 2973 686 3025 ades
705 2973 824 3038 Cybebe,
848 2974 902 3024 tera
920 2974 1051 3025 montium
1068 2973 1134 3036 Dea;

374 3050 431 3106 aut,
455 3045 478 3094 si
496 3044 564 3094 haec
581 3043 727 3106 offendent,
750 3045 797 3094 ita:

443 3112 515 3165 Ades
532 3112 598 3174 buc,
622 3113 687 3164 ades
705 3112 813 3177 Cybebe
831 3112 898 3175 Dea,
924 3112 1054 3164 montium
1073 3125 1121 3177 age
1139 3111 1200 3171 Dea,

443 3185 499 3246 Age
516 3185 646 3247 tympano
666 3183 771 3233 sonanti
787 3188 828 3234 etc
844 3199 850 3244 ;
869 3183 1053 3245 repetitionem
1062 3181 1132 3231 illam
1143 3179 1364 3245 elegantissimam

374 3265 434 3303 esse
452 3256 539 3312 natue,
558 3253 617 3303 coll.
630 3253 723 3303 Catull.
742 3254 757 3302 l.
769 3253 786 3302 l.
825 3252 966 3317 Vulgutum
987 3249 1144 3317 montipeua
1162 3248 1289 3300 tuebatur
1308 3247 1364 3300 Ou-

375 3321 507 3388 dendorp.
529 3322 588 3373 coll.
600 3321 710 3372 Diodori
725 3323 777 3373 sio.
791 3320 873 3383 3‚58.
895 3317 968 3389 u‘pelu
985 3317 1021 3386 μή
1039 3338 1087 3390 ηρ;
1112 3319 1219 3370 Comut.
1239 3319 1273 3370 de
1284 3320 1361 3369 Dour.

373 3392 431 3442 Mat.
452 3406 477 3443 c.
490 3390 516 3442 6.
537 3406 564 3455 p.
576 3390 610 3442 16
628 3391 670 3442 ed.
693 3389 796 3443 Osann.
816 3395 842 3442 et
860 3392 975 3456 Fulgent.
995 3392 1102 3456 Mythol.
1116 3389 1140 3451 3,
1152 3388 1176 3440 5.
1197 3415 1231 3426 -
1259 3387 1364 3456 Cybebe

374 3475 429 3513 non
451 3457 551 3527 Cybele
574 3460 746 3511 scribendum
769 3473 830 3512 esse
851 3460 974 3512 intellexit
993 3462 1050 3523 jam
1074 3460 1175 3511 Gudius
1198 3459 1232 3522 ad
1251 3458 1362 3511 Phaedr.

373 3529 436 3580 Feb.
456 3529 486 3590 3,
504 3527 548 3580 20.
586 3533 685 3582 Graece
707 3527 822 3596 Κυβήβη
844 3530 942 3582 dicitur
965 3533 1005 3581 vel
1023 3527 1139 3596 Κυβέλη.
1166 3543 1193 3580 v.
1215 3542 1285 3594 quos
1307 3530 1365 3578 lau-

374 3598 448 3649 darit
465 3598 499 3649 ad
518 3599 544 3648 b.
558 3599 575 3649 l.
595 3599 749 3650 Burmann.
778 3603 806 3649 ln
825 3600 877 3651 fine
894 3614 943 3664 pro
962 3598 1046 3651 ululet
1065 3600 1173 3665 quidam
1193 3600 1286 3649 voleat
1297 3597 1365 3649 scri-

372 3673 451 3732 ptum
474 3668 583 3730 babent;
597 3671 687 3735 mala.
724 3669 764 3719 bd
786 3683 843 3721 rem
865 3669 1048 3720 illustrandam
1072 3673 1228 3735 comparant
1244 3665 1365 3733 Appuleji
1434 3680 1437 3683 ·

373 3737 419 3789 lib.
438 3738 502 3787 vnn
528 3738 624 3790 Miles:
649 3741 761 3803 Arrepto
780 3739 1015 3805 denique‘tlagello
1033 3742 1082 3790 etc.
1121 3739 1242 3788 Ceterum
1261 3736 1288 3786 hi
1305 3749 1365 3785 ver·

373 3820 423 3857 sus
445 3807 605 3859 Maecenatis
629 3807 760 3860 habentur
780 3810 807 3859 in
826 3807 938 3860 Pllboei
954 3809 1056 3860 nntbol.
1075 3810 1094 3859 l.
1115 3823 1141 3873 p.
1159 3805 1185 3857 4.
1206 3810 1232 3856 et
1248 3806 1275 3854 in
1293 3802 1364 3853 Scu-

374 3875 462 3942 le'yeri
483 3876 606 3929 catalect.
632 3893 658 3943 p.
677 3877 729 3929 223
746 3892 790 3944 sq.
826 3876 908 3929 Botb.
927 3879 1003 3930 Scen.
1023 3879 1096 3928 Poet.
1117 3878 1172 3926 Lat.
1192 3876 1222 3924 v.
1242 3872 1266 3922 5.
1293 3871 1321 3922 P.
1336 3871 1361 3921 l.

373 3960 403 4010 p.
415 3942 476 3995 273.
500 3946 545 4010 qui
560 3948 631 4012 legit:
654 3948 731 3999 Ades
748 3948 795 4015 inq
815 3983 823 4011 ,
847 3962 864 3997 u
882 3944 1014 4013 Cybelle.
1030 3981 1078 3995 ...
1100 3943 1176 3995 Adeo
1199 3945 1225 3992 et
1249 3944 1364 3993 concute

374 4021 504 4080 tympano
526 4020 576 4067 etc.

428 4101 457 4163 l)
474 4115 500 4153 v.
515 4116 539 4154 c.
560 4117 575 4153 a
594 4102 741 4167 Puaaouio,
763 4104 927 4170 Gruudzelpe
938 4102 989 4154 der
1001 4101 1050 4154 Gr.
1062 4117 1088 4151 u.
1099 4100 1178 4152 lldnr.
1195 4100 1363 4165 literatury.

373 4184 402 4236 p.
416 4170 459 4222 79.
486 4171 548 4224 edd.
566 4172 648 4225 eutr
665 4189 691 4240 p.
705 4176 739 4228 st
757 4177 800 4228 ed.
813 4177 843 4228 11.
864 4175 921 4226 Vol.
935 4175 953 4225 l.
973 4186 1001 4238 p.
1015 4171 1074 4222 137.
1096 4175 1122 4224 et
1140 4176 1195 4225 not.
1210 4171 1251 4222 ll.
1271 4168 1363 4221 ed.Ill.

426 4257 456 4320 2)
473 4274 500 4311 v.
521 4261 613 4326 lragm.
632 4265 658 4314 7.
696 4291 728 4300 -
815 4263 845 4328 3)
880 4278 907 4314 v.
928 4263 1020 4328 fragm.
1041 4262 1067 4314 6.

424 4347 546 4470 &Aac
560 4350 645 4473 ligre
665 4351 692 4402 a
713 4351 784 4404 cau
805 4351 865 4404 oei.
887 4354 951 4403 aaz⁴
978 4326 1365 4417 reau.p.1ear.'rranuuu

373 4432 401 4482 p.
492 4433 534 4485 sq.
613 4461 618 4472 .
