3484 5600
717 828 1029 892 MAECENATIANA.
1083 855 1085 859 ’
1330 839 1371 901 43

379 1080 421 1129 liis
442 1083 534 1128 tamen
561 1075 681 1125 virorum
705 1073 849 1124 doctorum
880 1072 1041 1135 conjecturis
1067 1074 1239 1138 praeferenda
1268 1076 1370 1129 videtur

379 1146 489 1198 alciati
506 1142 667 1205 emendatio,
687 1155 769 1207 quam
787 1141 862 1193 offert
881 1140 973 1193 Andr.
985 1139 1114 1194 Sciottas
1132 1144 1241 1197 Observ.
1254 1148 1366 1198 nnuman.

380 1214 591 1268 &Now

508 1285 651 1342 Lucentes,
669 1294 729 1332 mea
747 1281 813 1341 vita,
832 1292 883 1330 nec
900 1279 1064 1344 smaragdos,

506 1353 625 1417 Beryllos
641 1352 720 1413 mihi,
745 1351 849 1410 Flacca,
872 1361 923 1400 nec
940 1350 1059 1413 nitentes,

506 1425 562 1473 Nec
576 1419 756 1486 praecandida
776 1419 918 1482 margarita
937 1433 1046 1483 quaero.

382 1492 427 1544 tibi
444 1490 651 1543 Cooarraoiam
670 1487 803 1555 Lupenii,
828 1493 853 1538 et
876 1488 994 1538 secunda
1017 1504 1098 1543 versu
1117 1494 1298 1561 militisine,
1324 1502 1370 1553 de.

380 1566 430 1613 leto
450 1560 549 1612 Flacci
567 1561 685 1619 nomine,
708 1558 836 1608 maluisse
854 1556 938 1618 addil;
970 1563 1122 1623 quostiam
1143 1574 1275 1631 expuncto
1295 1569 1368 1621 Ροη.

380 1637 460 1690 tanae
478 1630 511 1681 ad
529 1629 647 1680 Macrab.
666 1630 772 1678 Satura.
792 1625 820 1689 2,
837 1625 863 1678 l.
885 1641 910 1691 p.
925 1626 985 1678 612.
1005 1628 1148 1699 ed.'1.ugd.
1169 1625 1336 1701 conjiciebat:

508 1699 655 1763 Lugent,-o
673 1711 733 1748 mea
752 1696 818 1757 vita,
839 1701 863 1746 te
881 1698 1046 1761 smaragdus,

509 1769 620 1819 Berillus
638 1779 749 1831 quoque
766 1770 792 1816 et
807 1765 879 1830 ipse‚·
907 1780 957 1817 uec
975 1767 1087 1821 nitentes

511 1838 614 1901 Nuper,
632 1835 743 1888 mndida
760 1833 914 1899 margarita,
934 1849 1044 1899 quaero.

383 1906 478 1958 sedin
497 1906 608 1957 Omissis
625 1920 652 1969 p.
667 1904 725 1958 688.
746 1905 805 1972 ipse
822 1919 876 1956 non
895 1905 1010 1956 multum
1033 1907 1095 1959 huic
1114 1908 1279 1961 hariolatieni
1297 1910 1370 1961 vide·

384 1983 426 2027 tur
445 1976 573 2027 tribuere.
601 1972 753 2027 Salmasius
770 1975 806 2025 ad
823 1975 931 2038 vopisc.
950 1977 1081 2028 Aurelian.
1103 1992 1126 2031 c.
1139 1979 1181 2031 50.
1202 1979 1333 2032 emendat:

509 2047 652 2104 lucentes,
674 2058 733 2095 mea
748 2046 817 2101 rita,
840 2058 892 2095 nec
909 2047 1077 2111 smaragdos:

508 2113 630 2175 Benilos‚
651 2113 754 2176 Flacca,
777 2128 828 2165 nec
846 2114 978 2172 nitentesz,

507 2186 561 2235 Nec
581 2182 742 2248 percandida
762 2189 811 2236 etc.
871 2180 875 2186 ’

382 2252 561 2322 dempsterus
578 2254 605 2303 in
624 2252 710 2305 Etrur.
731 2255 791 2318 Reg.
812 2252 840 2315 3,
859 2251 903 2305 28.
929 2266 956 2317 p.
976 2252 1039 2304 315:

505 2324 608 2388 Lugent
626 2326 652 2372 te
670 2336 732 2373 mea
748 2325 815 2385 vita,
838 2337 888 2374 nec
906 2324 1064 2387 smaragdus

504 2393 617 2443 Berillus
635 2406 756 2457 quoque,
775 2394 879 2456 Flacco,
902 2407 951 2444 nec
968 2392 1081 2445 nitentes

505 2464 584 2513 Nunc
601 2475 649 2527 per
666 2460 779 2514 candida
798 2463 940 2528 margarita
959 2476 1068 2526 quaero.

383 2545 458 2594 quem
481 2546 546 2583 vero
573 2544 684 2583 sensum
712 2532 779 2585 haec
808 2534 982 2593 constituant,
1010 2545 1087 2582 nemo
1111 2530 1187 2582 lacile
1214 2531 1365 2596 perspiciet.

385 2598 596 2667 Garinepieterus
614 2600 651 2651 ad
666 2602 760 2653 Aviani
776 2601 829 2653 iah.
848 2605 877 2653 11.
899 2617 924 2666 p.
938 2600 995 2651 22:

508 2671 609 2735 Lugent
627 2686 643 2721 o
662 2684 723 2721 mea
741 2672 806 2734 vila,
824 2677 850 2722 te
868 2670 1034 2737 smaragdus,

507 2741 617 2790 Berillus
636 2753 757 2807 quoque,
776 2742 879 2805 Flacce;
904 2755 954 2792 nec
972 2742 1066 2802 nitent,
1086 2744 1115 2791 ut

505 2812 606 2874 Nuper,
628 2809 742 2861 candida
758 2811 785 2862 in
804 2811 957 2877 margarita,
977 2824 1077 2874 quaero
1096 2814 1146 2860 etc.

383 2879 424 2930 ubi
443 2879 472 2930 in
491 2885 575 2932 metro
594 2880 758 2944 repudiatur.

423 2950 507 2999 Area.
529 2953 555 3000 et
573 2947 752 3000 Lindemann.
774 2949 864 3015 (Corp.
880 2947 1080 3000 Grammaticor.
1101 2948 1203 2998 Latlll.
1224 2945 1331 3011 p.613):

507 3017 658 3080 lucentes,
678 3033 738 3068 mea
757 3019 832 3084 vila,
852 3034 901 3069 nec
920 3015 1097 3082 smarapdoe,

510 3085 635 3138 Berillos
653 3085 736 3148 arsilli,
754 3088 868 3151 Haece,
888 3104 938 3138 nec
956 3087 1082 3149 nitentes,

507 3155 565 3206 Nec
581 3156 757 3221 percandida
775 3156 935 3223 marparila
953 3171 1065 3224 quaero,

506 3224 566 3275 Nec
584 3240 651 3291 quos
670 3224 797 3293 lllynreica
816 3225 884 3277 lima
903 3222 1055 3294 perpolivit

508 3292 636 3357 Anellos,
655 3311 740 3360 serpae
758 3296 868 3360 iaspios
887 3293 1011 3363 lapillos.

379 3366 427 3415 iot
443 3363 558 3416 diversis
574 3365 763 3416 tentaminibus
777 3368 870 3424 ,locum
887 3366 959 3417 dedit
971 3363 1072 3429 opinio,
1091 3376 1217 3429 perversa
1237 3364 1306 3425 licet,
1325 3365 1364 3412 ta·

377 3448 437 3485 men
451 3433 491 3484 ab
511 3433 635 3485 omnibus
654 3437 709 3486 iere
725 3444 845 3500 recepta,
865 3437 912 3500 qui
928 3437 1096 3500 Epigramma
1114 3435 1165 3485 hoc
1184 3448 1200 3484 a
1215 3435 1364 3485 Maecenate

375 3504 403 3553 iu
427 3503 533 3555 obitum
554 3505 654 3554 Horatii
678 3506 808 3569 scriptum
831 3506 1008 3557 crediderunt.
1044 3508 1077 3556 At
1095 3505 1218 3555 Horatius
1243 3505 1297 3554 vila
1319 3502 1366 3552 de·

376 3574 484 3624 iunctus
502 3577 544 3623 est
560 3575 819 3637 postldaeceuatem.
846 3577 879 3627 ci.
899 3578 1008 3629 Sueten.
1030 3575 1073 3626 vit.
1092 3575 1154 3625 Hor.
1183 3571 1364 3625 Walcleaaer

377 3643 405 3705 T.
420 3643 450 3692 il.
470 3641 581 3708 p.565.;
603 3643 663 3695 licet
681 3646 810 3710 liutpers.
829 3646 854 3696 in
867 3646 966 3696 Venus.
980 3647 1049 3696 Leti.
1070 3643 1164 3710 psas.
1183 3645 1274 3696 locum
1289 3641 1364 3692 illum

376 3713 402 3760 iu
422 3710 536 3762 dubium
554 3714 704 3778 vocaverit,
718 3719 847 3780 putetque
858 3716 1038 3768 Maecenatem
1048 3717 1155 3767 Horatio
1174 3710 1361 3779 supervixisse.

376 3781 435 3831 Vid.
455 3795 539 3844 supra
557 3796 584 3845 p.
595 3782 638 3834 25.
653 3811 686 3820 -
707 3784 873 3836 Massoaius
889 3787 917 3837 in
935 3787 988 3837 vita
1000 3787 1089 3837 Horat.
1111 3801 1136 3850 p.
1149 3785 1209 3838 369.
1229 3778 1365 3842 amplffifi·

377 3856 421 3900 tur
438 3851 518 3901 etiam
537 3851 647 3903 Aleiati
664 3854 888 3917 emendationem,
911 3856 1016 3918 rejectis
1035 3857 1147 3906 aliorum
1169 3847 1302 3916 laycali,
1322 3845 1363 3896 la-

376 3924 441 3984 pent
459 3925 500 3980 te,
519 3921 719 3988 reimpetrata,
738 3925 894 3988 praesertim
912 3938 997 3987 quum
1015 3935 1076 3973 area
1087 3924 1146 3974 aila
1165 3924 1207 3971 vix
1225 3918 1258 3968 de
1276 3916 1362 3967 amico

373 3990 432 4049 jam
450 3993 555 4039 mortuo
575 3991 626 4042 dici
644 3992 737 4054 possit.
783 3995 814 4042 Et
832 3998 904 4044 certe
922 3993 985 4042 huic
1003 3993 1171 4054 conjecturae
1187 3987 1364 4052 adstipulatur

376 4055 439 4107 cod.
460 4058 507 4108 Ns.
526 4058 621 4110 Isidori
639 4060 724 4120 Laid,
745 4062 773 4110 in
793 4075 847 4126 quo
871 4061 996 4111 ducente.
1033 4061 1085 4112 Sed
1107 4061 1166 4110 licet
1189 4074 1221 4112 ex
1240 4059 1281 4109 his
1299 4055 1364 4108 satis

375 4130 494 4188 constet,
518 4127 553 4177 ad
571 4128 674 4179 obitum
693 4130 777 4181 Flacci
793 4143 891 4181 versus
909 4131 959 4182 hos
977 4144 1031 4181 non
1050 4129 1203 4182 referendos
1222 4141 1292 4186 esse,
1316 4123 1365 4174 dii·

375 4194 446 4246 licrle
468 4201 555 4247 tamen
579 4202 621 4248 est
644 4198 751 4250 delinire
768 4205 815 4250 aut
832 4201 898 4251 carli
917 4199 1016 4265 aliquid
1035 4200 1185 4260 adfirmare,
1214 4210 1267 4261 qus
1285 4205 1364 4245 occa·

375 4265 453 4314 sione
469 4279 516 4316 eos
533 4268 622 4319 amico
640 4269 776 4333 scripserit
795 4271 942 4321 Maecenas.
986 4271 1078 4334 Neque
1101 4271 1171 4323 enim
1196 4269 1294 4318 mirum
1317 4264 1364 4320 esi.

374 4346 487 4384 sensum
510 4350 563 4388 non
585 4342 677 4402 palere
699 4343 832 4401 apertum,
861 4354 945 4404 ᾳυιιω
974 4341 1087 4406 plurima
1111 4337 1266 4394 exciderint,
1294 4344 1365 4396 quse

375 4404 524 4456 acutissimi
542 4407 634 4458 hadoll
652 4407 790 4472 sagacitati
805 4410 849 4460 ria
869 4411 959 4462 locum
978 4410 1135 4474 relinquant.
1173 4406 1200 4455 Si
1217 4409 1305 4457 tamen
1325 4402 1365 4453 di·

375 4471 469 4525 vinare
487 4474 576 4536 liceat,
594 4477 706 4528 sortasse
724 4480 765 4528 est
782 4477 957 4544 fragmentum
974 4481 1091 4531 lacerum
1111 4475 1247 4539 meminis,
1266 4476 1300 4526 ad
1311 4474 1364 4528 ilo
