3484 5600
606 703 918 766 MAECENATIANA.
1211 708 1252 771 57

262 891 404 950 Senecae
430 884 546 963 judicio
583 886 674 946 nimis
708 886 837 948 multum
867 886 1054 965 tribuentes,
1093 899 1253 970 corrupto·

264 990 333 1033 rem
358 970 553 1050 eloquentiae
571 972 775 1032 Maecenatem
799 971 936 1032 dicerent
953 970 988 1047 ¹).
1034 972 1124 1045 Quod
1148 974 1251 1036 miror.

266 1060 462 1135 Quamquam
494 1054 573 1114 enim
603 1073 687 1134 eum,
722 1057 774 1135 qui
804 1056 833 1115 in
863 1074 985 1116 summo
1018 1057 1081 1117 lere
1112 1058 1253 1119 fortunae

267 1141 388 1220 fastigio
411 1139 580 1200 collocatus
601 1146 679 1217 erat,
708 1158 851 1220 magnam
875 1141 906 1199 in
930 1141 1035 1202 literas
1050 1141 1112 1200 vim
1135 1140 1252 1203 habere

266 1226 405 1305 potuisse
427 1241 490 1282 non
513 1226 705 1302 negaverim,
736 1232 836 1284 tamen
860 1224 1016 1305 quomodo
1047 1226 1078 1285 in
1106 1226 1252 1306 eloquen-

266 1310 340 1371 tiam
363 1306 623 1386 corrumpendam
646 1309 789 1369 habuerit
816 1310 878 1369 vim
901 1312 1077 1389 Maecenas,
1108 1311 1161 1390 qui
1185 1312 1252 1390 qui-

267 1393 339 1455 dem
363 1409 458 1454 sensu
480 1393 625 1453 strictiori
643 1400 758 1453 tantum
779 1393 952 1453 oratoribus
968 1395 1163 1455 annumerari
1180 1414 1252 1474 pos-

267 1479 307 1540 sit
321 1479 366 1557 ²),
396 1495 457 1536 non
481 1476 666 1555 intelligoss).
715 1479 798 1537 Licet
821 1496 895 1537 vero
922 1477 1087 1554 beneficia,
1119 1479 1252 1557 quaein

269 1562 384 1625 multos
406 1561 547 1621 homines
572 1563 710 1637 contulit,
741 1570 771 1621 ct
794 1560 874 1622 sacili
898 1562 1019 1640 negotio
1050 1564 1081 1621 in
1109 1564 1160 1621 tali
1190 1563 1252 1621 lor-

268 1654 344 1707 tuna
366 1652 397 1706 et
417 1664 522 1705 rerum
545 1664 671 1722 suarum
696 1645 872 1706 conditione
896 1646 1036 1706 conferre
1051 1647 1166 1724 potuit,
1191 1664 1252 1705 non

270 1730 345 1791 tanti
374 1729 500 1807 faciam,
537 1738 571 1791 ut
603 1752 674 1793 eum
704 1738 868 1809 propterea
906 1746 1060 1791 summum
1093 1729 1252 1788 literarum

270 1816 420 1875 fautorem
455 1814 568 1893 dicam,
607 1818 723 1896 quippe
756 1815 841 1892 cujus
877 1813 1044 1894 plurimum
1080 1814 1252 1890 interesset,

267 1918 331 1959 non
355 1898 455 1958 solum
478 1900 583 1960 lavere
605 1900 713 1978 literis,
737 1898 793 1959 sed
816 1899 899 1960 viros
921 1898 1049 1975 hilares,
1079 1896 1178 1958 bonos
1201 1915 1252 1957 so·

267 1982 355 2045 dales
378 1984 491 2043 circum
515 2004 549 2045 se
572 1992 694 2047 coaetos
717 1983 849 2061 habere,
888 1984 1002 2063 quique
1024 1982 1138 2043 ideirco
1163 2000 1252 2061 prae-

267 2068 339 2127 miis
362 2066 488 2129 eosdem
510 2069 678 2148 alliciebat,
711 2068 793 2149 quod
823 2068 872 2128 alii
902 2085 1026 2147 quoque
1053 2066 1139 2127 multi
1170 2067 1252 2127 lece-

268 2158 339 2212 runt
353 2150 398 2228 4),
422 2153 609 2214 voluntatem
634 2163 750 2231 tamen,
773 2154 867 2213 animi
892 2152 1112 2231 benignitatem
1136 2157 1166 2210 et
1188 2156 1252 2210 stu-

268 2234 353 2297 dium
381 2238 489 2298 nescio
518 2237 602 2315 quod
628 2239 784 2300 literarum
818 2236 1101 2317 promovendarum
1131 2236 1157 2295 ei
1183 2235 1253 2312 jure

268 2319 404 2399 quodam
436 2339 493 2381 suo
524 2321 670 2403 denegari
705 2340 798 2403 posse
828 2324 882 2382 vix
911 2340 947 2381 ac
976 2340 1014 2380 ne
1044 2321 1095 2380 vix
1126 2317 1252 2398 quidem

268 2405 517 2467 existimaverim.

383 2620 509 2690 Ge'doyn,
532 2625 559 2674 in
578 2626 741 2677 praelatione
759 2628 793 2676 ad
813 2626 918 2686 Quintil.

381 2712 412 2762 el.
434 2711 640 2765 Weslermann.
654 2718 669 2766 l.
684 2719 699 2766 l.
714 2715 807 2782 pasl.
823 2721 849 2767 et
863 2712 950 2765 Butler.
964 2717 979 2764 l.
993 2716 1008 2764 l.
1031 2714 1087 2764 Vol.
1100 2716 1130 2763 ΙΙ,
1152 2712 1247 2777 pala.

336 2802 347 2862 )
387 2799 553 2853 Tiraboselri
571 2819 596 2868 p.
611 2803 670 2855 205.
713 2833 740 2843 -·
813 2805 842 2868 4)
880 2820 904 2855 v.
930 2802 1071 2855 Wietuud.
1092 2805 1106 2854 l.
1128 2805 1143 2853 l.
