3484 5600
373 843 415 904 to
705 833 1021 897 mundanalium.

437 1025 466 1085 3.
509 1021 647 1083 Horatii
664 1018 753 1093 Vita,
778 1017 977 1089 aSueienio,
1002 1022 1034 1075 ut
1049 1016 1157 1094 fertur,
1181 1020 1359 1099 conscripta,

373 1126 404 1186 p.
433 1109 470 1169 lt
494 1123 563 1184 sqq.
585 1101 634 1163 ed.
657 1102 803 1166 Richter:

438 1190 539 1250 Primo
563 1188 761 1260 Maecenati,
785 1203 860 1245 mox
884 1184 1021 1263 Augusto
1044 1182 1216 1263 (Horatius)
1241 1186 1271 1245 in
1293 1204 1355 1266 gra-

376 1275 448 1336 tiam
471 1273 656 1345 insinuatus,
688 1287 750 1329 uon
773 1268 963 1329 mediocrem
986 1268 1017 1327 iu
1042 1267 1207 1328 amborum
1230 1270 1355 1330 amicitia

376 1360 477 1419 locum
500 1355 606 1417 tenuit.
637 1356 808 1418 Maecenas
831 1357 1022 1432 quantopere
1044 1370 1115 1413 eum
1140 1352 1291 1429 dilexerit,
1312 1372 1354 1413 sa·

377 1442 416 1504 tis
438 1447 564 1503 testatur
586 1438 637 1499 illo
658 1437 903 1517 Epigrammata:

527 1526 571 1588 Ni
593 1530 622 1587 te
642 1520 820 1587 visceribus
843 1524 936 1595 ineis,
960 1522 1093 1596 Horati,

527 1609 608 1670 Plus
625 1610 699 1687 jaan
722 1605 847 1688 diligo,
878 1612 914 1668 tu
937 1610 1027 1669 tuum
1044 1606 1070 1684 ¹)
1091 1605 1236 1670 sodalem

528 1693 647 1755 Ninnio
662 1694 690 1769 ²)
712 1690 826 1755 videos
838 1692 1071 1773 strigosiorem
1087 1694 1124 1768 ³).

378 1776 435 1839 sed
457 1774 553 1837 multo
582 1776 679 1855 magis
708 1775 852 1836 extremis
877 1773 1016 1855 judicia,
1046 1776 1098 1836 tali
1127 1774 1165 1835 ad
1189 1776 1351 1857 Augustum

379 1863 493 1943 elogio:
525 1862 661 1925 Horatii
681 1860 812 1935 Flacci,
845 1865 884 1922 ut
903 1862 982 1935 rnei,
1014 1866 1080 1924 erto
1101 1879 1228 1923 martur.

381 1992 576 2001 ——-——-·—

1392 1799 1396 1826 l

1395 1975 1398 1992 ι

432 2050 459 2111 l)
496 2047 574 2099 codd.
598 2061 640 2110 ap.
661 2045 794 2096 Venderb.
815 2051 909 2096 tutum.

430 2133 459 2195 2)
493 2134 538 2183 ild.
558 2132 657 2191 nimio,
677 2130 775 2192 ninno,
794 2131 887 2192 ninia,
907 2131 1005 2189 mirrea,
1024 2131 1126 2193 atinio,
1147 2132 1251 2185 nrinno.

428 2220 457 2283 3)
492 2222 521 2271 In
538 2218 692 2281 authologia
714 2222 795 2268 veter.
815 2219 930 2269 Latinor.
950 2218 1109 2284 Epigramm.
1130 2224 1155 2271 et
1176 2228 1295 2285 poemat.
1318 2225 1355 2278 lib.
1398 2193 1401 2256 ι

377 2294 411 2354 ll,
434 2290 479 2354 Ep.
501 2288 616 2338 ccxxv,
636 2287 663 2336 hi
680 2300 775 2338 versus
793 2286 829 2337 ila
848 2288 979 2352 leguntur:

429 2375 468 2427 Ad
486 2374 633 2427 Horatium.
662 2375 689 2426 C.
710 2375 870 2426 Maecenatis
888 2375 964 2427 Ciluii
980 2377 1088 2441 Equitis·
1100 2380 1220 2431 Romani.

506 2443 546 2497 Ni
567 2447 593 2495 le
611 2443 766 2496 uisceribus
786 2445 869 2507 ineis,
891 2445 1006 2507 Horati,

506 2513 573 2565 Jum
588 2513 651 2581 plue
670 2513 770 2580 diligo:
793 2518 821 2565 tu
842 2519 916 2565 tuum
935 2513 1060 2568 cedulam

506 2582 614 2635 Ninnio
634 2582 727 2634 ridear
744 2582 949 2649 strigosiorern.

314 2696 318 2705 .
378 2657 435 2706 Hoc
453 2653 632 2718 Epigramma,
654 2652 726 2704 sicut
746 2652 827 2703 etiam
849 2653 914 2703 illud
937 2652 1010 2717 quod
1028 2653 1162 2718 sequitur,
1184 2656 1361 2708 videturesse

378 2726 554 2788 fragmentum
571 2724 691 2773 lacerum
709 2723 846 2784 carminis,
865 2721 986 2786 eiusdem
1004 2725 1165 2788 argumenti,
1182 2726 1215 2776 ad
1228 2728 1362 2778 Horatium

380 2794 518 2846 absentem
543 2791 644 2858 scripti.
689 2794 718 2843 lu
742 2807 774 2844 eo
799 2793 882 2844 latere
901 2791 1001 2857 aliquid
1028 2795 1164 2859 suspicor,
1194 2811 1249 2861 quo
1272 2798 1362 2848 Flacco

380 2864 492 2926 scribet,
516 2863 541 2912 si
558 2861 658 2912 diutius
677 2861 774 2913 abesse
790 2867 894 2929 pergat,
917 2866 942 2912 et
962 2863 1051 2913 solum
1070 2865 1213 2929 relinquat,
1240 2867 1297 2928 eius
1321 2867 1364 2916 de·

381 2933 479 2986 siderio
499 2932 730 2984 contabescentem
740 2933 929 2992 Maecenatem,
947 2932 1023 2993 illum
1031 2932 1157 2985 reducem
1168 2932 1289 2985 visurum
1308 2949 1365 2987 esse

382 3004 501 3056 sodalem
519 3015 600 3052 suum
619 3002 702 3053 Ginuo
720 3003 760 3053 vel
778 3002 872 3052 Ninnio
897 3001 1089 3066 strigosiorem,
1116 3003 1142 3052 id
1167 3008 1206 3053 est
1229 3009 1365 3056 attenuato

383 3086 497 3138 corpore
512 3071 596 3122 instar
610 3071 723 3133 jumenti
741 3071 837 3123 deiecti
854 3075 901 3122 aut
911 3073 981 3122 male
992 3071 1077 3123 curati
1089 3072 1267 3124 macilentum.
1290 3073 1364 3125 Stri-

381 3157 466 3207 goeue
484 3141 553 3192 enlm
571 3141 709 3206 proprium
728 3140 761 3191 de
779 3141 905 3203 jumentis
927 3145 1012 3192 aetate
1036 3142 1174 3204 coniectis,
1197 3143 1313 3194 emeritis
1335 3157 1366 3194 ac

382 3211 522 3264 debilitatis
546 3223 605 3261 esse
627 3211 740 3263 verbum
757 3211 836 3263 docet
856 3208 977 3261 Gronov.
996 3210 1030 3260 ad
1048 3212 1155 3263 sueton.
1175 3213 1256 3263 vitam
1275 3214 1364 3263 Horat.

384 3309 414 3318 -
448 3282 560 3330 Metram
585 3279 663 3329 etiam
688 3279 783 3330 suadet
807 3285 952 3344 utrumque
975 3281 1141 3345 Epigramma
1166 3283 1285 3343 eiusdem
1309 3295 1367 3332 esse

383 3349 520 3408 carminis,
543 3347 618 3410 quod
636 3354 788 3412 separatum
807 3350 886 3399 etiam
904 3350 996 3414 legitur
1016 3350 1088 3414 apud
1109 3348 1251 3401 Pittacum
1273 3351 1318 3401 lib.
1340 3352 1363 3401 l.

382 3432 408 3482 p.
430 3416 459 3466 41
483 3421 507 3466 et
525 3416 567 3467 96.
588 3422 614 3466 et
630 3414 766 3478 Scaliger.
788 3431 813 3481 p.
835 3417 884 3469 189
903 3424 928 3469 et
945 3418 1005 3470 ata.
1026 3445 1060 3456 -
1091 3420 1142 3470 Pro
1161 3418 1268 3470 Ninnio
1287 3422 1366 3485 vulgo

382 3485 528 3550 legebatur:
552 3483 649 3535 Nimio
696 3484 819 3535 Ninnium
837 3487 895 3538 sive
911 3489 1025 3539 Ninnum
1048 3501 1107 3540 esse
1125 3502 1238 3553 parvum
1258 3504 1367 3555 equum,

382 3554 498 3608 ostendit
518 3552 719 3617 Lindenirop,
743 3556 787 3606 cui
807 3557 912 3607 accedit
931 3558 1083 3609 Burmann.
1109 3557 1238 3610 Nunnius
1260 3561 1305 3610 lib.
1327 3562 1366 3611 lll.

383 3626 489 3677 Miscell.
511 3637 535 3674 c.
551 3623 591 3683 2.,
614 3623 712 3674 relictis
731 3625 947 3678 membranarum
966 3629 1068 3679 lacunis
1085 3628 1122 3679 ita
1140 3628 1231 3679 edidit:

511 3695 573 3744 Plus
587 3694 642 3756 jam
662 3693 740 3758 diligo
758 3691 774 3723 *
792 3696 879 3746 Titum
898 3697 1017 3749 sodalem

511 3759 527 3792 *
548 3763 626 3814 Minio
644 3762 736 3814 videas
754 3765 942 3830 strigosiorem.

385 3849 454 3901 quas
474 3834 633 3886 divinatione
650 3834 790 3885 temeraria
809 3837 933 3899 supplere
950 3851 1003 3887 non
1022 3849 1118 3887 ausum
1136 3850 1166 3888 se
1182 3838 1287 3886 latetur.
1319 3839 1371 3887 Ne-

385 3919 438 3970 que
457 3907 535 3957 etiam
554 3919 637 3957 ausus
655 3905 704 3954 tuit
721 3903 899 3971 liutgardae,
916 3905 943 3954 in
956 3905 1081 3956 venusin.
1096 3908 1175 3958 Leolt.
1196 3904 1271 3956 osu.
1298 3905 1370 3956 Vor-

384 3975 443 4026 sius
467 3975 500 4026 de
524 3982 596 4041 poet.
614 3976 697 4028 Latin.
718 3989 742 4025 o.
756 3975 781 4025 2.
804 3991 831 4041 p.
845 3974 888 4026 21.
916 3972 1021 4027 Ninnio
1044 3975 1152 4040 probat,
1172 3979 1199 4026 et
1221 3975 1372 4040 respexisse

385 4048 461 4110 putet
478 4045 657 4098 Maecenatem
674 4045 708 4095 ad
726 4045 847 4096 Ninnium
871 4048 978 4110 poetam
1003 4046 1080 4097 istius
1098 4043 1238 4109 teuiporis,
1261 4049 1373 4110 propter

385 4114 563 4165 macilentiam
580 4117 735 4174 ridiculum,
753 4114 799 4178 qui
818 4114 875 4165 allis
887 4115 989 4165 Nimius
1006 4117 1046 4166 vel
1060 4115 1180 4165 Nunnius
1190 4115 1304 4164 Crassus
1313 4129 1372 4177 ,vo-

386 4189 471 4236 catur.
501 4183 533 4234 ci.
553 4181 621 4234 Jaui
639 4186 673 4234 ad
692 4186 753 4235 Hor.
773 4183 818 4234 vit.
858 4181 1015 4235 Gronoviue
1034 4184 1067 4235 ad
1086 4185 1193 4234 Sueton.
1212 4183 1294 4232 vitam
1318 4185 1372 4233 Ho-

385 4259 433 4305 rat.
454 4253 525 4317 legil:
551 4255 589 4302 Tu
608 4253 667 4303 Titii
691 4253 789 4305 sodalis
808 4253 892 4303 dinuo
918 4267 961 4304 me
982 4253 1075 4306 videas
1098 4252 1286 4318 strigosiorem.
1314 4251 1373 4315 (ubi

386 4329 500 4374 metrum
511 4322 635 4387 exigeret:
651 4322 711 4383 Titi)
729 4321 859 4388 putatque
873 4321 942 4379 Titii
952 4321 1061 4373 audatie
1074 4322 1192 4374 Ginnum
1204 4321 1261 4373 slve
1271 4335 1371 4385 equum

386 4397 433 4441 eut
450 4394 564 4452 mulum,
583 4407 632 4459 pro
650 4394 719 4442 male
735 4392 848 4444 vivo'uc
865 4393 1006 4444 macilento
1018 4394 1090 4443 mulo
1103 4392 1163 4455 dici,
1180 4392 1373 4443 Maecenelem·

386 4475 439 4525 que
456 4462 605 4525 respexisse
624 4461 658 4514 ad
677 4462 820 4527 quemdam
840 4476 872 4515 ex
883 4463 955 4514 Titiis
973 4459 1111 4513 sodalibus
1129 4460 1315 4514 sacerdotibus
1334 4461 1374 4512 vi-
