3484 5600
595 1600 1144 1712 Maecenatiana.

396 1996 425 2072 ἓ.
444 2000 468 2057 Ι.
500 1995 549 2057 De
570 1998 627 2069 iis,
651 1997 712 2075 qui
733 1993 773 2055 de
792 1996 981 2056 Maecenate
1002 1993 1110 2057 adhuc
1130 1999 1340 2078 scripserant.

373 2203 549 2309 Veterum
571 2245 757 2324 scriptorum
779 2243 884 2303 nullus
904 2244 1087 2305 Maecenatis
1110 2244 1204 2305 vitam
1227 2264 1265 2307 ex
1288 2266 1360 2327 pro-

375 2337 475 2406 fesso,
501 2338 535 2391 ut
556 2331 596 2390 ita
624 2330 739 2406 dicam,
769 2327 954 2408 exposuisse
978 2327 1108 2389 videtur.
1152 2330 1271 2391 Passim
1294 2334 1361 2411 qui-

375 2420 459 2493 dem,
483 2415 644 2475 occasione
659 2413 773 2490 oblata,
796 2414 857 2473 lata
871 2412 930 2472 viri
954 2419 1045 2492 atque
1068 2432 1170 2475 mores
1194 2422 1225 2474 et
1245 2417 1362 2496 scripta

375 2503 540 2580 utriusque
562 2497 684 2575 linguae
711 2498 879 2576 scriptores
907 2498 1085 2577 attigerunt,
1115 2505 1147 2558 ut
1167 2500 1362 2578 interGrae·

375 2606 430 2648 cos
454 2584 579 2645 Cassius
604 2582 674 2658 Dio,
703 2581 879 2662 AppianuS,
914 2581 1110 2661 Plutarchus,
1145 2584 1224 2643 inter
1250 2584 1361 2646 liuma-

374 2690 434 2731 nos
457 2669 614 2744 Horatius,
638 2666 833 2745 Propertius,
859 2665 993 2743 Vellejus
1014 2666 1204 2747 Paterculus,
1229 2669 1361 2747 Tacitus,

376 2756 513 2832 Seneca,
543 2750 766 2828 Quintilianus,
787 2748 836 2810 alii
853 2747 889 2827 ¹).
914 2782 951 2793 -
981 2750 1171 2813 Recentioris
1195 2752 1263 2813 aevi
1286 2753 1361 2814 scri-

375 2847 501 2920 ptorum
525 2843 573 2896 sat
594 2834 681 2896 multi
695 2835 764 2908 ,hoc
793 2852 872 2912 opus
896 2834 944 2895 vel
967 2853 1004 2894 ex
1027 2837 1167 2916 professo
1190 2836 1240 2897 vel
1264 2835 1363 2896 obiter

375 2921 518 3003 aggressi
540 2926 620 2980 sunt.
666 2920 800 3006 Primus,
829 2921 881 2998 qui
905 2919 1091 2981 Maecenatis
1114 2922 1208 2981 vitam
1230 2922 1363 3000 scripsit,

375 3009 474 3073 tuisse
497 3003 621 3065 videtur
642 3006 737 3067 Joaar.
762 3005 855 3065 Paul.
880 3005 1014 3084 Martyr
1036 3025 1057 3067 a
1077 3008 1182 3087 Ryzo,
1218 3023 1363 3066 sermono

376 3091 543 3152 Castiliano
558 3088 605 3164 2);
643 3106 734 3166 quam
758 3086 883 3167 quidem
907 3088 947 3148 ad
969 3088 1091 3150 tabulas
1113 3090 1198 3151 abire
1228 3108 1363 3169 pronun-

375 3175 464 3235 tiavit
484 3171 678 3235 Meibama'as
706 3173 738 3231 in
767 3173 822 3233 Vit.
849 3174 941 3234 Maec.
970 3174 1100 3235 Praelat.
1123 3193 1152 3254 p.
1167 3176 1202 3235 ll.
1235 3175 1272 3234 cl.
1299 3174 1363 3236 Ca·

381 3316 587 3328 -————-—

430 3391 458 3454 i)
494 3390 569 3440 Duae
588 3388 666 3439 etiam
685 3392 790 3439 exstant
807 3389 915 3454 elegiae:
940 3391 1020 3441 altera
1038 3390 1064 3440 in
1084 3391 1187 3442 obitum
1201 3393 1364 3456 Maecenatis,

376 3461 458 3510 attera
480 3459 506 3508 in
528 3460 720 3520 Maecenatem,
751 3470 834 3523 quam
857 3464 1001 3524 utramque
1023 3462 1064 3511 vet
1088 3461 1116 3511 C.
1138 3463 1235 3513 Pedoni
1258 3463 1364 3513 Albino-

375 3544 447 3580 vano
465 3530 507 3580 vet
524 3529 625 3579 incerto
644 3529 752 3579 auctori
769 3528 898 3581 tribuunt.
941 3530 1070 3580 Videntur
1087 3544 1151 3582 sanc
1171 3546 1302 3583 essenon
1321 3546 1365 3596 ga-

376 3601 489 3661 nuinaa,
513 3599 586 3664 quod
606 3603 633 3648 at
650 3598 797 3649 orationem
817 3602 842 3648 et
859 3600 1003 3650 sententias
1021 3601 1161 3652 ostendere
1184 3603 1365 3653 intellexerunt

376 3670 431 3720 VV.
452 3669 505 3718 DD.
526 3683 551 3719 v.
575 3667 719 3718 Burmann
747 3668 851 3719 anthol.
871 3670 927 3719 Lat.
949 3670 977 3720 V.
993 3671 1018 3721 1.
1038 3683 1065 3734 p.
1082 3670 1130 3721 151
1144 3686 1204 3736 sqq.
1249 3673 1365 3722 Werna·

377 3737 454 3797 dart.
479 3738 552 3788 Poet.
577 3736 632 3788 Lat.
658 3737 752 3788 Minor.
777 3739 806 3788 T.
821 3737 846 3788 3.
872 3752 898 3802 p.
916 3738 966 3788 155
979 3753 1038 3804 sqq.
1077 3740 1206 3791 Messoa.
1227 3742 1276 3791 nit.
1299 3742 1362 3789 Hor.

377 3822 403 3871 p.
418 3805 470 3857 143
482 3820 542 3872 sqq.
583 3804 733 3857 Weiclrert.
754 3807 824 3857 Poet.
845 3809 911 3858 Latt.
931 3808 1012 3872 Reliq.
1032 3824 1058 3873 p.
1072 3808 1130 3861 449.
1172 3809 1316 3859 Fraadsen
1335 3821 1361 3873 p.

377 3877 409 3927 31
430 3890 492 3940 sqq.
533 3875 622 3941 Paper
639 3890 666 3940 p.
681 3874 739 3927 115.
787 3877 819 3927 ct.
845 3875 924 3927 cair
942 3878 957 3926 1.
978 3891 1060 3942 supra
1079 3879 1095 3928 1.
1121 3881 1152 3929 V.
1173 3881 1191 3928 1.
1216 3893 1241 3941 p.
1258 3875 1309 3926 458
1321 3891 1362 3942 sq.

377 3946 506 3997 Ponimus
525 3945 614 4009 igitur,
638 3959 683 3997 eas
703 3960 717 3995 a
738 3947 830 3996 seriori
849 3945 968 4010 quodam
991 3953 1071 4011 poeta
1095 3947 1271 4011 compositas3
1304 3947 1365 3998 trino

378 4014 412 4065 ad
434 4028 516 4064 usum
535 4019 656 4065 nostrum
675 4019 754 4066 caute
772 4019 874 4066 tentum
888 4015 1005 4065 adhiberi
1024 4021 1145 4080 possunt.
1184 4017 1319 4074 Quaedam
1338 4018 1365 4066 in

377 4085 462 4149 priori
480 4084 559 4147 elegia
579 4097 722 4135 occurrere
739 4084 862 4144 desumta
886 4087 1111 4136 acornmentario
1132 4085 1271 4147 cujusdam
1291 4087 1366 4137 Lollii

378 4155 411 4205 de
429 4154 583 4205 Maecenate
601 4154 755 4219 suspicatus
772 4158 812 4204 est
829 4152 964 4218 Ruttopf.
985 4156 1019 4206 ad
1038 4157 1131 4205 senec.
1151 4155 1233 4220 Epist.
1256 4155 1318 4218 114,
1337 4154 1363 4205 4.

377 4224 414 4275 Eo
434 4223 505 4273 enim
524 4237 554 4273 se
571 4224 668 4274 reterre
686 4237 714 4273 v.
727 4223 766 4273 no.
781 4222 824 4273 ll:
843 4221 902 4273 Nec
919 4221 1003 4281 mili,
1024 4222 1186 4284 Maecenas,
1205 4231 1292 4276 tecum
1311 4225 1365 4286 tuit

378 4308 446 4424 paup
463 4291 563 4412 αιέἰίἰς
591 4291 732 4344 Lolliae
749 4289 800 4342 loc
818 4305 886 4357 ergo
907 4291 1068 4344 conciliauit
1086 4307 1162 4358 apua.
1199 4309 1225 4344 v.
1247 4293 1365 4343 Wcraa·

395 4374 487 4412 or.a
544 4375 596 4412 .v.

429 4447 460 4510 2)
496 4449 525 4501 n.
546 4448 624 4502 lone.
643 4449 670 4502 8.
