3484 5600
378 827 419 890 24
713 825 1024 887 MAECENATIANA.

378 1009 489 1071 vienus
512 1008 640 1069 Romam
664 1006 760 1068 redux
784 1024 819 1068 se
848 1005 1071 1086 rempublicam
1099 1006 1258 1067 restituere
1288 1008 1359 1068 velle

378 1092 551 1172 simularet,
583 1092 729 1153 dissuasit
750 1091 893 1171 inprimis
916 1093 1089 1166 Maecenas3
1121 1089 1358 1170 prudentissimo

379 1195 508 1260 prorsus
539 1176 680 1254 consilio,
717 1174 802 1253 quod
834 1174 960 1236 ulterius
990 1193 1147 1254 exponere
1178 1193 1242 1235 nou
1275 1176 1359 1253 hujus

380 1269 429 1323 est
449 1261 507 1322 loci
524 1261 560 1338 ¹).
597 1260 693 1319 Suum
709 1260 798 1319 etiam
813 1257 1012 1319 commodum
1035 1260 1065 1319 in
1088 1278 1124 1320 ea
1148 1278 1182 1319 re
1205 1266 1359 1340 spectasse

379 1348 586 1407 Maecenatem
611 1344 747 1422 inerunt,
771 1343 823 1422 qui
844 1342 1007 1404 crederent
1022 1342 1059 1421 2).
1104 1342 1189 1404 Orbe
1213 1362 1289 1406 vero
1310 1363 1360 1423 per

379 1432 551 1510 Augustum
581 1436 707 1510 pacate,
745 1427 784 1489 ad
814 1428 910 1489 otium
942 1446 976 1488 se
1006 1427 1134 1489 contulit
1167 1428 1359 1507 imperatoris

380 1515 513 1590 amicus;
552 1510 701 1574 suadente
730 1512 861 1574 fortasse
890 1513 1059 1593 praecipue
1087 1512 1226 1591 Horatio,
1257 1530 1358 1592 saepe·

379 1616 508 1659 numere
536 1597 685 1657 fautorem
713 1615 804 1657 suurn
828 1596 868 1658 nd
893 1598 986 1659 otium
1011 1604 1174 1660 revocante
1188 1597 1225 1675 3).
1278 1596 1359 1658 Molle

380 1683 435 1742 luit
465 1680 547 1741 istud
578 1679 703 1759 quidem
741 1682 853 1761 otium,
890 1684 919 1742 in
956 1700 1078 1751 summa
1112 1682 1226 1743 scilicet
1262 1699 1359 1741 rerum

381 1766 517 1827 omnium
541 1765 698 1827 attinentia
715 1764 759 1843 ⁴);
787 1766 844 1828 sed
868 1785 930 1828 non
953 1766 1047 1846 plane
1070 1786 1086 1827 a
1109 1766 1240 1847 negotiis
1264 1764 1360 1845 publi·
1378 1841 1388 1852 ν

381 1852 426 1913 cis
449 1850 637 1927 abhorrens;
671 1858 702 1911 et
730 1852 768 1912 ita
799 1853 924 1913 omniuo
954 1869 989 1911 se
1019 1853 1128 1930 gessit,
1162 1858 1194 1910 ut
1223 1850 1361 1909 homines

381 1935 471 1997 facile
493 1938 609 1996 ferrent
623 1934 661 2011 ὅ).
711 1937 766 1996 Est
795 1934 848 1995 ubi
879 1935 961 2014 apud
984 1934 1156 2012 Augustum
1182 1934 1361 1994 Maecenatis

380 2021 547 2079 aucteritas
569 2018 642 2078 nibil
667 2016 798 2092 valeret,
836 2017 919 2094 quod
949 2018 1062 2074 facturn
1086 2023 1133 2074 est
1163 2017 1193 2072 in
1222 2019 1361 2092 conjura·

381 2101 464 2159 tione
485 2102 628 2159 Murenae
643 2099 680 2173 6).
726 2099 791 2158 Sub
816 2099 895 2158 vitae
915 2098 1007 2156 finem
1031 2096 1120 2156 etiarn
1145 2095 1266 2155 intenso
1291 2116 1363 2179 erga

378 2200 450 2243 eum
482 2182 584 2242 animo
615 2180 727 2242 dicitur
754 2181 851 2241 inisse
874 2177 1090 2259 augustum
1125 2178 1208 2258 quod
1237 2190 1364 2262 propter

378 2361 444 2414 noni
467 2374 501 2411 aa
524 2356 713 2410 resurrecturi
738 2354 805 2407 belli
830 2354 925 2407 civilis
949 2356 1081 2409 restinxit
1100 2356 1221 2415 initium.
1261 2360 1296 2410 lit
1316 2361 1362 2412 itte
1403 2343 1405 2378 ³

378 2430 488 2500 quidem
506 2428 578 2480 male
596 2426 783 2478 consultorum
802 2441 908 2491 peenas
927 2426 1054 2478 exscivit.
1086 2429 1119 2481 ct.
1139 2430 1229 2480 Senec.
1252 2430 1286 2480 de
1303 2432 1362 2482 Bre

377 2502 425 2553 uit.
443 2502 493 2552 vit.
513 2499 540 2552 5.
560 2499 594 2551 de
611 2499 735 2550 Ciement.
759 2498 785 2559 l,
806 2497 833 2548 9.

433 2589 460 2653 l)
495 2604 521 2639 v.
537 2590 645 2639 Sueten.
669 2588 735 2650 ling.
761 2586 806 2645 rit.
826 2584 870 2636 28.
909 2586 1000 2636 senec.
1028 2585 1062 2637 de
1085 2588 1160 2637 Brev.
1185 2587 1230 2637 vit.
1253 2588 1277 2638 5.
1313 2590 1362 2639 Do-

378 2657 434 2709 nsti
451 2657 497 2709 vit.
518 2658 604 2722 Virgil.
624 2656 689 2718 XIX,
708 2654 751 2707 78.
785 2656 861 2706 Dion.
882 2653 927 2716 52,
948 2656 970 2705 l.
993 2653 1025 2705 14
1045 2668 1119 2720 sqq.;
1152 2656 1186 2707 de
1210 2658 1359 2708 oraticnea

378 2728 530 2780 Maecenate
548 2726 636 2777 babitu
654 2740 680 2777 v.
701 2725 766 2775 intra
787 2724 812 2786 s.
833 2724 860 2787 4,
880 2724 923 2775 fin.
1014 2779 1016 2785 ,

432 2796 460 2863 1)
496 2814 522 2850 v.
543 2795 713 2859 Enremond,
743 2793 865 2847 Oeuures
886 2793 953 2845 Mil.
983 2796 1012 2845 T.
1031 2795 1054 2845 1.
1080 2810 1107 2860 p.
1128 2792 1185 2847 194.
1225 2793 1265 2847 St.
1285 2796 1360 2859 itaut,

380 2865 493 2935 Frapm.
512 2883 562 2919 sur
580 2865 711 2932 Aupuste.
743 2864 906 2926 Btaciuell,
925 2867 955 2915 V.
973 2864 998 2916 3.
1019 2879 1044 2929 p.
1059 2862 1162 2930 stssq.
1182 2870 1274 2916 contra
1294 2879 1361 2931 quos

380 2937 525 3004 disputarit
542 2933 668 2989 Mettica
687 2951 713 3002 p.
733 2934 776 2986 25.
804 2937 863 2987 Not.
884 2935 909 2985 3.
934 2949 960 2984 v.
981 2934 1059 2990 etiam
1075 2935 1141 2985 intra
1161 2949 1187 2998 p.
1205 2935 1248 2985 31.

432 3006 461 3071 3)
496 3021 521 3056 v.
542 3008 628 3056 Carm.
649 3005 787 3068 3,n,11.
813 3004 842 3065 3,
861 3002 908 3066 29,
929 3004 969 3055 ill.
999 3004 1081 3068 Epod.
1104 3002 1254 3066 1,11.26.
1282 3005 1362 3067 8,16

382 3076 466 3127 -15,
502 3075 569 3127 Adel.
598 3077 691 3126 Senec.
721 3074 794 3139 apud
820 3074 903 3125 Tacit.
934 3076 981 3123 An.
1005 3073 1050 3135 14,
1070 3072 1112 3124 55.
1151 3075 1290 3139 Arrpnstus
1319 3073 1360 3125 M.

379 3145 524 3212 Aerippae
543 3143 729 3212 Mitylenense
748 3149 902 3205 secretum,
933 3141 960 3192 C.
981 3141 1145 3194 Maecenati
1162 3143 1228 3193 urbe
1247 3141 1277 3192 in
1300 3142 1362 3210 ipsa

378 3214 451 3266 velut
467 3214 646 3282 pereurinunr
667 3213 753 3264 otium
771 3212 914 3278 permisit.-
938 3228 1051 3277 qaorum
1070 3211 1144 3263 alter
1163 3210 1297 3263 bellarum
1316 3227 1362 3262 sc·

379 3283 456 3346 eius,
483 3284 556 3335 alter
575 3282 682 3334 Romae
705 3282 834 3349 pluribus
858 3279 1003 3332 laboribus
1021 3283 1162 3347 jactatus.
1188 3280 1282 3345 ampla
1301 3279 1361 3348 qui·

378 3353 455 3416 dein,
484 3352 535 3402 sed
556 3367 610 3417 pra
638 3351 794 3417 inuentibus
823 3348 934 3401 meritis
959 3351 1088 3415 pruentia
1118 3355 1293 3414 acceperant.
1333 3352 1364 3400 El

378 3422 446 3472 Nero
472 3421 545 3487 apud
574 3422 653 3473 eund.
680 3434 704 3471 c.
726 3419 768 3471 56.
815 3420 956 3485 Aapustus
979 3420 1122 3487 Aprippae
1148 3425 1173 3470 et
1200 3414 1364 3470 Maecenati

377 3505 515 3555 usurpare
533 3490 620 3542 stium
643 3495 706 3557 pest
726 3488 838 3539 labores
857 3489 1010 3552 antecessit,
1038 3489 1133 3540 sedin
1152 3505 1184 3540 ea
1203 3488 1265 3554 ipsa
1284 3494 1362 3540 aeta-

378 3564 418 3616 te,
444 3560 522 3623 cujus
542 3559 699 3610 aucteritas
723 3563 866 3618 tueretur,
890 3557 1025 3624 quidquid
1047 3557 1160 3609 illudet
1180 3557 1363 3625 quatecunque

378 3627 529 3679 tribuisset.
551 3631 679 3680 Attamen
696 3634 823 3679 neutrum
839 3624 916 3678 datis
935 3641 952 3676 a
970 3643 1000 3679 se
1017 3628 1154 3695 praemiis
1170 3627 1254 3678 exuit.
1281 3627 1362 3679 Belle

378 3701 404 3750 et
420 3695 556 3764 periculis
575 3704 743 3748 meruerant.
780 3696 846 3747 edd.
866 3696 1012 3748 Frandseu
1035 3712 1062 3762 p.
1082 3697 1116 3750 93
1135 3711 1195 3762 sqq.

430 3766 459 3832 4)
495 3780 520 3816 v.
540 3781 566 3832 p.
582 3766 625 3819 28.
655 3765 775 3818 Fraude.
797 3781 824 3832 p.
845 3765 888 3824 97.
918 3793 953 3802 —
1022 3765 1050 3830 5)
1087 3783 1111 3819 v.
1131 3768 1199 3817 inira
1217 3781 1243 3831 p.
1264 3766 1307 3818 32.

431 3838 459 3900 6)
494 3837 542 3887 Dio
561 3837 605 3898 54,
623 3835 648 3889 3.
679 3832 747 3887 Or'ull
765 3831 909 3902 ἐπήρκεσαν
925 3837 961 3899 τῷ
981 3832 1114 3904 Μουρήνᾳ
1130 3834 1188 3886 οὔτε
1207 3833 1221 3883 ὁ
1240 3833 1363 3904 Menaeni-

377 3902 431 3960 liae
449 3902 559 3965 ἀδελφὸς
577 3903 625 3970 iis,
648 3902 707 3957 cius
731 3901 745 3955 ὁ
763 3901 903 3972 Μαικήνας
921 3906 954 3974 τῇ
977 3901 1076 3976 ἀδελφῇ
1095 3904 1253 3970 (Terentiae)
1278 3903 1363 3955 αὐτοῦ

377 3977 513 4035 συνοικῶν,
539 3974 632 4044 καὶπερ
650 3972 674 4030 ἒς
691 3971 725 4023 τὰ
746 3977 840 4041 πρῶτα
861 3969 912 4024 ὑπὸ
931 3975 980 4022 τοῦ
997 3971 1154 4039 Αὐγούστου
1171 3970 1318 4035 τιμώμενοι.

431 4043 458 4105 7)
494 4046 555 4095 Tac.
578 4049 625 4098 An.
645 4045 674 4107 3,
692 4045 735 4107 30.
774 4043 926 4097 Sallustius
950 4042 1069 4110 Orispus
1093 4043 1227 4097 incolumi
1245 4043 1362 4095 Maece·

378 4118 440 4165 nate
463 4113 623 4178 proximus,
651 4130 715 4165 mex
738 4114 922 4180 praecipuus,
952 4113 998 4165 cui
1020 4120 1129 4166 secreta
1157 4113 1362 4180 imperatorum

377 4179 580 4244 inniterentur,
600 4189 626 4232 rt
645 4182 834 4247 interficiendi
854 4181 978 4234 Postumi
998 4184 1141 4251 Aprippne
1159 4182 1296 4245 conscius,
1315 4197 1363 4234 ae·

377 4255 434 4303 tate
450 4255 582 4315 prouecta
600 4252 720 4319 speciem
739 4252 829 4318 mapis
848 4251 878 4303 in
896 4251 1025 4304 airricitia
1043 4251 1193 4319 principis,
1211 4267 1293 4318 quam
1306 4253 1362 4302 ains

378 4320 480 4382 lesuin
513 4321 595 4389 iique
620 4326 648 4372 et
665 4321 830 4373 Maecenati
853 4319 1015 4372 acciderat:
1041 4325 1101 4387 sata
1124 4321 1266 4386 potentiae
1291 4336 1362 4371 rara

377 4390 577 4454 sempiternae.-
601 4406 636 4443 an
655 4391 746 4442 satias
768 4391 860 4457 capit,
886 4396 933 4442 aut
952 4391 1032 4455 illus,
1060 4408 1120 4443 cum
1139 4390 1234 4443 omnia
1254 4390 1363 4441 tribue-

377 4463 458 4522 runt,
482 4466 531 4512 aut
550 4458 612 4526 llas,
636 4476 699 4514 cum
710 4462 773 4527 jam
794 4458 866 4512 nillil
883 4461 1019 4527 reliquum
1038 4467 1092 4526 est,
1112 4460 1184 4529 quad
1202 4459 1325 4528 eupiunt.
