3484 5600
499 826 539 889 42
836 818 1150 883 descensurus.

499 1005 644 1016 ...ω-ω...
651 1004 701 1010 ...-

625 1056 801 1119 Beriilosque,
824 1055 861 1105 mi
880 1055 927 1117 Fi,
953 1070 1003 1108 nec
1022 1056 1119 1108 nitente

627 1126 717 1190 spiro,
739 1123 852 1176 candida
870 1138 953 1190 marg.
975 1139 1081 1191 quaero,

628 1198 682 1247 Nec
700 1206 768 1258 quos
787 1196 837 1245 etc.

498 1267 628 1333 Scaliger
645 1266 672 1316 iu
690 1262 734 1314 tib.
754 1265 773 1314 1.
794 1263 914 1313 catalect.
935 1277 960 1327 p.
979 1264 1036 1316 189.
1063 1269 1088 1315 et
1113 1263 1242 1317 Pithoeus
1265 1267 1308 1319 tib.
1332 1271 1372 1320 111.
1400 1287 1426 1335 p.
1442 1273 1483 1323 96.

497 1341 534 1391 ita
551 1340 605 1389 tere
623 1334 772 1394 ediderunt,
796 1336 825 1382 ut
842 1330 1009 1384 exhibemus:

627 1407 727 1467 Nuper,
751 1402 865 1453 candida
884 1402 1024 1466 margarita
1044 1416 1152 1467 quaero,

626 1476 691 1534 Nee,
711 1472 764 1538 (ap.
788 1469 856 1523 Pitt.
876 1471 970 1523 vitiose
988 1474 1158 1538 Haec)'quos
1176 1473 1294 1540 Thynica
1313 1480 1361 1527 etc.

500 1544 628 1600 Pithoeus
646 1556 710 1593 vero
728 1543 764 1592 ita
783 1539 952 1592 emendabat:

628 1613 732 1676 Lugens
750 1618 788 1673 te,
806 1624 866 1662 mea
884 1610 950 1673 vita,
973 1625 1024 1662 nec
1042 1614 1204 1677 smaragdos,

627 1682 746 1745 Beryttos
766 1694 886 1745 quoque,
911 1680 1014 1743 Flacce,
1037 1695 1086 1733 nec
1104 1683 1222 1745 nitentes,

626 1753 682 1802 Nec
697 1749 857 1815 percandida
876 1752 1017 1815 margarita
1035 1766 1142 1816 quaero,

627 1822 681 1873 Nec
701 1834 770 1886 quos
788 1820 907 1885 Thynica
924 1825 974 1872 etc.

503 1892 647 1946 Turnebus
664 1891 805 1942 adversar.
830 1889 874 1941 lib.
895 1890 947 1941 XX.
968 1904 992 1942 c.
1007 1890 1045 1941 2:

628 1961 729 2024 Lugent
747 1965 783 2021 te,
806 1972 866 2009 mea
885 1960 949 2019 vita,
974 1963 1000 2009 te
1017 1958 1176 2021 smaragdus
1234 2006 1239 2022 Ι

627 2029 737 2079 Beriiius
758 2040 877 2091 quoquo,
903 2027 1005 2088 fiscos,
1031 2041 1080 2077 nec
1099 2028 1210 2077 nitentes

625 2098 701 2146 Nunc
722 2093 901 2159 percandida
921 2095 1062 2158 margarita
1081 2109 1181 2158 quaero
1187 2109 1196 2158 ς

624 2166 677 2214 Nec
695 2177 764 2226 quos
778 2162 895 2227 Thynica
915 2166 965 2213 etc.

496 2234 599 2285 Laudat
619 2231 741 2283 Turnebr'
763 2232 887 2283 curiosae
909 2230 1055 2281 industriae
1079 2230 1297 2296 experimentum,
1324 2239 1487 2291 successum

497 2317 550 2354 uon
573 2303 636 2353 item
659 2299 757 2350 Douzo
780 2301 806 2349 in
829 2300 1006 2350 Commentar.
1033 2299 1067 2349 ad
1090 2300 1179 2351 Horat.
1201 2315 1223 2352 c.
1241 2304 1263 2353 l.
1289 2305 1325 2355 iia
1349 2307 1402 2359 hoe
1428 2310 1488 2375 Epi-

496 2385 613 2438 gramma
632 2369 776 2434 castigans:
1066 2369 1070 2376 ”

626 2442 728 2505 Lugens
747 2444 784 2499 tc,
804 2436 876 2493 (msa
893 2436 957 2501 vita)
976 2452 1026 2489 nec
1044 2439 1201 2503 smaragdos

625 2510 732 2560 Berittos
753 2508 827 2571 mihi,
854 2508 955 2569 Ftaece,
978 2522 1028 2559 uec
1046 2510 1158 2561 nitentes

623 2582 694 2629 Inter
712 2578 826 2630 candida
845 2578 986 2643 margarita
1006 2591 1106 2643 quaero
1126 2582 1177 2629 etc.

496 2650 605 2699 Beritios
628 2648 696 2698 inter
724 2646 838 2698 candida
866 2647 1006 2712 margarita
1033 2647 1160 2697 enitentes
1184 2646 1255 2709 iecit,
1285 2652 1424 2701 mutuatus
1447 2654 1485 2701 di-

497 2718 666 2769 stinctionem
689 2731 704 2767 a
727 2718 843 2767 Pliniano
868 2717 990 2768 artificio.
1032 2717 1106 2767 Idem
1130 2716 1227 2767 Douza
1257 2717 1369 2770 fortasse
1391 2723 1487 2772 rescri-

496 2788 614 2840 bendum
633 2801 693 2839 esse
712 2787 828 2838 censuit:
1166 2812 1168 2819 ι

624 2861 679 2909 Nec
697 2855 858 2922 percandida
877 2855 939 2919 (vet:
960 2856 1136 2920 praecandida
1155 2871 1191 2906 m.
1213 2856 1252 2921 q.)

499 2926 665 2980 Gulielmius
682 2927 879 2978 Verosimitium
897 2925 941 2978 lib.
962 2928 980 2977 1.
1002 2941 1025 2977 o.
1046 2926 1070 2977 6.
1091 2926 1127 2976 ita
1146 2928 1297 2977 emaculare
1314 2934 1426 2980 conatus
1446 2938 1485 2981 est

497 2999 549 3049 hoo
567 3004 677 3063 poema:
944 3051 945 3054 ,
1314 3025 1318 3032 ·

626 3068 732 3130 Lugens
749 3068 785 3126 te,
811 3079 871 3117 mea
890 3066 954 3127 vita,
974 3079 1029 3116 neo
1046 3064 1208 3129 smaragdos,

626 3136 744 3199 Beryttos
762 3149 860 3199 nequa,
885 3136 986 3196 Flacco,
1011 3147 1061 3185 nec
1079 3134 1193 3186 nitentes

625 3207 736 3270 Semper
752 3205 865 3256 candida
885 3219 984 3268 quaero
1004 3204 1172 3267 margaritas:

626 3277 680 3325 Nec
699 3288 768 3337 quos
787 3275 904 3337 Thyuica
923 3279 973 3326 etc.

497 3343 582 3392 Notus
601 3356 673 3402 mos,
690 3342 787 3405 iuquit,
804 3344 985 3393 Romanorum
1005 3341 1120 3404 ponendi
1136 3341 1163 3392 tn
1183 3342 1254 3392 tuctu
1272 3343 1385 3392 annulos
1402 3358 1486 3394 venu-

498 3411 613 3460 stissime
635 3411 759 3474 tangitur.
804 3410 971 3474 Murporita
1002 3410 1120 3461 nitentes
1147 3424 1254 3476 semper
1277 3410 1398 3462 candido
1422 3419 1486 3464 sunt

497 3477 649 3536 candidae,
673 3484 704 3527 ut
721 3477 808 3540 Virgil.
831 3479 906 3528 dixit:
929 3478 1030 3530 credre
1048 3479 1116 3542 fecit
1132 3493 1182 3543 pro
1201 3481 1310 3532 crebro.
1335 3508 1361 3517 -
1388 3480 1483 3534 Tiora.

498 3546 653 3598 Maecilius
670 3546 705 3596 ad
724 3547 811 3596 Horat.
837 3561 864 3610 p.
885 3547 927 3600 ⁵3.
955 3548 1084 3599 tentabat:

582 3642 589 3653 ·
624 3619 728 3681 Lageus
747 3621 784 3675 te,
809 3630 868 3668 mea
886 3618 951 3679 vita,
973 3632 1024 3670 neo
1041 3618 1205 3682 smaragdos,

625 3688 742 3751 Beryttos
760 3699 857 3749 neque,
881 3687 985 3745 Flacca,
1007 3689 1175 3752 pernitentes,

626 3759 680 3810 Neo
696 3757 733 3808 mi
751 3754 864 3806 candida
883 3757 1024 3821 margarita
1045 3770 1155 3822 quaero.
1210 3776 1212 3782 ·

624 3830 678 3880 Nec
695 3840 765 3890 quos
784 3829 835 3878 etc.

501 3897 667 3950 Torrentius
684 3911 747 3947 vero
765 3897 800 3947 ad
819 3897 909 3948 tiorst.
930 3893 978 3947 Od.
999 3893 1028 3957 2,
1046 3896 1090 3956 17,
1108 3896 1136 3947 9:

625 3969 728 4032 Lugcns
746 3972 784 4026 te,
804 3979 863 4017 mea
881 3965 947 4024 vita,
964 3978 1013 4015 nec
1031 3964 1203 4029 smaragdos,-

625 4037 742 4099 Beryttos
761 4051 859 4101 neque,
883 4036 974 4086 Flacce
991 4035 1038 4093 mi,
1056 4035 1180 4093 nitentes,
1198 4037 1262 4085 ete·

497 4102 657 4156 Scriverius
675 4105 701 4154 iu
719 4107 845 4158 anecdot.
866 4105 957 4155 Philoi.
978 4118 1002 4155 o.
1020 4103 1061 4156 74.
1081 4104 1195 4166 legebat:

625 4175 743 4237 Berytos
762 4190 881 4240 quoque,
908 4174 1011 4233 Flacco,
1034 4187 1085 4224 neo
1103 4173 1215 4224 nitentes

604 4275 605 4278 η
624 4244 734 4306 Semper
753 4246 866 4295 candida
885 4238 1025 4307 margarita
1043 4255 1153 4306 quaero.

496 4308 568 4362 Idem
588 4312 614 4363 in
633 4311 754 4363 editionis
774 4312 932 4367 pithoeanae
951 4311 1068 4376 margine
1086 4311 1209 4362 corrasit:

624 4383 768 4443 Lucentes,
792 4395 851 4432 mea
870 4381 936 4443 vita,
959 4387 984 4437 te
1001 4380 1156 4445 smaragdos

623 4450 740 4513 Berytos
758 4465 879 4518 quoque,
903 4452 1006 4513 Fiaeoe,
1024 4456 1075 4507 eto.
