3484 5600
331 783 333 854 i

716 815 1027 875 MAECENATIANA.
1324 821 1360 883 51

376 1007 434 1063 tos.
458 1031 503 1040 -
550 995 657 1074 Quid,
684 999 714 1059 si
736 999 810 1077 quis
837 996 978 1075 feminae
1008 1001 1095 1059 cirro
1123 1001 1302 1079 crispatae,
1336 1010 1368 1065 et

331 1083 480 1148 tabiis
504 1079 731 1143 columbatur?
769 1082 952 1161 incipitque
973 1085 1160 1161 suspirQans
1185 1090 1223 1144 nt
1244 1088 1366 1149 cervice

379 1172 456 1232 toxa
482 1166 616 1246 feratur
643 1184 700 1227 nec
727 1184 825 1226 more
850 1204 891 1211 -
946 1168 1090 1245 Tyranni
1112 1167 1365 1233 irremediabilis

377 1254 481 1333 factio
505 1252 678 1323 rimantur,
702 1249 822 1330 epatis,
849 1250 1030 1331 lagonaque
1048 1252 1309 1324 tentonicorum,
1335 1261 1367 1317 et
1438 1325 1440 1329 ,

377 1357 471 1416 saepe
493 1340 624 1396 mortem
641 1337 790 1415 exigant.
815 1372 856 1379 —
894 1334 1032 1396 Genium
1053 1335 1137 1414 festo
1161 1339 1217 1398 nin
1239 1356 1297 1399 sno
1323 1344 1364 1399 te-

378 1429 472 1501 stem,
497 1421 640 1481 tenetisne
654 1418 782 1480 Cereris
803 1418 862 1499 filu
885 1424 916 1480 et
937 1438 1101 1498 crepacem
1120 1421 1237 1483 molani
1252 1422 1364 1501 socam

377 1511 480 1568 mater
501 1503 562 1566 nat
581 1522 665 1565 nxor
689 1505 872 1564 investiant.
887 1542 927 1549 -
955 1505 1020 1561 Non
1046 1505 1146 1563 statim
1169 1504 1246 1564 haec
1268 1525 1363 1584 quum

378 1588 507 1669 legeris,
531 1587 590 1646 hoc
611 1587 664 1646 tibi
688 1593 842 1657 occurret,
866 1586 948 1645 bnnc
970 1605 1052 1663 osse,
1078 1588 1128 1665 qui
1153 1588 1259 1649 scintis
1284 1591 1363 1648 tuni-

378 1675 421 1734 cis
443 1673 475 1731 in
499 1669 576 1731 urbe
598 1688 723 1749 semper
745 1670 928 1729 incesserit?
971 1673 1046 1730 Nam
1072 1670 1164 1729 etiam
1189 1691 1283 1750 quum
1308 1672 1363 1732 ub-

379 1757 474 1818 sentis
496 1754 637 1833 partibus
654 1756 796 1814 Caesaris
821 1756 1014 1831 iungeretur,
1038 1756 1191 1830 signnmu
1214 1756 1362 1817 discincto

379 1837 553 1920 petebatur.
596 1840 682 1897 Hunc
705 1856 789 1914 esse,
813 1840 864 1917 qrri
888 1840 917 1895 in
943 1838 1102 1914 tribunati,
1131 1838 1159 1895 in
1185 1840 1307 1913 rostris,
1333 1842 1361 1898 in

331 1947 332 1967 ³
381 1924 464 1985 omni
485 1922 606 2001 publico
628 1922 717 1983 cnetn
743 1924 786 1982 sic
810 1923 1003 2000 apparuerit,
1035 1928 1068 1981 ut
1094 1920 1187 2000 paltio
1211 1921 1364 2003 velaretur

379 2015 487 2086 caput,
512 2006 641 2067 exclusis
666 2009 820 2085 utrimque
843 2005 988 2084 auribus,
1014 2024 1073 2065 unu
1091 2005 1195 2079 aliter,
1219 2026 1312 2085 quam
1334 2008 1363 2066 in

379 2093 467 2151 Mimo
496 2089 591 2149 divite
622 2091 740 2170 fugitivi
773 2092 895 2150 solenti
940 2092 1026 2150 tlunc
1056 2108 1140 2166 esse,
1171 2092 1234 2166 cui,
1267 2111 1363 2170 (lnam

380 2175 514 2235 maxime
537 2174 677 2235 civilibus
709 2175 796 2235 bellis
820 2175 1046 2253 strepentibus,
1080 2182 1111 2233 et
1139 2174 1256 2235 solicita
1286 2176 1363 2235 urbe

381 2268 406 2319 et
428 2266 563 2335 armata,
596 2260 759 2319 comitatus
785 2260 833 2319 tric
862 2261 954 2319 inerit
978 2261 1007 2319 in
1035 2259 1173 2337 publico:
1205 2259 1362 2339 spadones

380 2343 451 2418 dno,
481 2344 579 2421 magis
610 2350 711 2403 tamen
744 2345 799 2402 riri
829 2364 921 2423 quarn
952 2345 1043 2423 ipset
1087 2345 1172 2402 Hunc
1194 2362 1281 2422 esse,
1312 2345 1362 2423 qni

355 2445 505 2487 uxorem
536 2427 647 2485 millies
677 2427 776 2502 duxit,
816 2447 911 2506 quum
945 2446 1035 2486 uuam
1069 2427 1232 2486 babuerit?
1283 2429 1363 2487 Haec

381 2510 473 2570 rerba
502 2519 563 2570 tam
592 2512 732 2590 improbe
762 2519 892 2589 structa,
924 2522 983 2572 tam
1016 2512 1205 2591 negligenter
1235 2511 1362 2586 abjecta,

379 2604 436 2655 tam
459 2600 567 2655 eontra
597 2596 851 2655 consuetudinem
884 2598 1019 2655 nmmum
1044 2596 1156 2675 posita,
1186 2594 1360 2672 ostendum,

379 2698 480 2739 mores
504 2691 628 2759 quoque
651 2699 711 2737 non
736 2682 837 2740 minus
861 2700 959 2741 novos
983 2688 1011 2740 et
1031 2698 1148 2758 pravos
1171 2686 1201 2738 et
1224 2679 1361 2757 singula·-

379 2782 425 2824 res
448 2763 555 2824 inisse.
604 2764 731 2825 Maxima
764 2766 829 2824 taus
862 2766 903 2823 itti
934 2764 1073 2824 tribuitur
1102 2764 1360 2824 mansuetndinis:

379 2849 519 2927 pepercit
547 2848 663 2926 gladio,
695 2852 844 2929 saraguiue
875 2849 1035 2910 abstinuit:
1074 2867 1130 2908 iren
1153 2848 1213 2908 utta
1237 2849 1295 2908 ulia
1319 2867 1361 2924 re,

378 2930 454 3010 quid
478 2939 598 3010 posset,
623 2951 714 3012 quam
738 2933 857 2993 lieentia
882 2933 1022 2998 ostendit,
1068 2934 1151 2991 itanc
1173 2933 1270 3010 ipsam
1295 2931 1361 2991 lan·

377 3015 448 3075 dem
472 3033 561 3077 suam
585 3019 720 3095 corrupit
743 3019 808 3077 istis
831 3020 977 3078 orationis
1000 3017 1286 3096 portentosissimae
1307 3016 1361 3074 de·

377 3100 461 3160 liciis.
507 3101 644 3180 Apparet
664 3103 744 3160 enim
769 3102 890 3161 ruottem
917 3104 1027 3179 tuisse,
1060 3119 1119 3160 nou
1144 3101 1256 3159 mitem.
1301 3101 1362 3158 tioc
1448 3173 1450 3177 ἲ

376 3185 454 3244 istae
478 3183 626 3264 ambages
642 3187 885 3265 compositionis,
909 3187 966 3245 boc
984 3185 1077 3246 verba
1095 3193 1281 3258 transversa,
1305 3185 1363 3242 troc

377 3286 491 3328 sensus
513 3269 614 3348 magni
636 3269 761 3348 quidem
778 3290 882 3348 saepe,
907 3270 961 3330 sed
987 3270 1121 3330 enervati
1145 3267 1217 3328 dum
1241 3275 1362 3341 exeunt,

378 3351 476 3412 cuivis
499 3352 694 3413 manifestum
718 3355 843 3430 facient,
883 3364 998 3415 motum
1026 3354 1068 3413 ilii
1097 3353 1238 3414 felicitate
1267 3353 1361 3412 nimia

378 3617 495 3668 Merene
519 3633 548 3666 se
573 3623 631 3666 sert
654 3617 723 3666 deiris
746 3633 795 3666 sorr
819 3618 904 3666 truite
931 3617 964 3667 a'e
988 3617 1015 3666 in
1040 3617 1164 3683 parare?
1196 3616 1222 3666 il
1238 3633 1254 3682 y
1271 3616 1362 3682 parle,

377 3687 454 3738 mim
473 3684 579 3735 rie-iere
598 3685 664 3734 riorrt
683 3685 723 3735 les
742 3685 817 3735 rives
836 3688 895 3749 font
915 3687 1024 3752 rurte'pe
1043 3684 1217 3749 cinctoriis,
1238 3686 1273 3734 de
1288 3686 1362 3752 peti·

377 3761 417 3806 tes
436 3756 568 3821 torques,
593 3755 640 3821 qai
658 3755 803 3804 labourent
823 3772 873 3805 son
898 3755 947 3816 ta,-
975 3758 1006 3805 ete
1031 3771 1138 3816 rames,
1165 3754 1211 3820 qiii
1232 3756 1361 3820 frnppcnt

376 3824 424 3874 des
436 3822 556 3888 jureiins
575 3825 727 3874 rencerse's.
768 3825 823 3877 Qne
842 3824 908 3874 dira
934 3829 1004 3874 t-on
1025 3825 1057 3873 ee
1076 3839 1120 3874 ees
1143 3822 1233 3872 terres
1252 3823 1299 3887 qai
1317 3821 1361 3882 pi-

377 3898 513 3958 peonnent
532 3908 583 3943 nne
600 3894 714 3955 fenenne,
734 3893 799 3943 dont
818 3894 858 3944 ies
876 3891 995 3943 cienena
1015 3911 1046 3942 en
1066 3892 1175 3941 boarles
1193 3895 1254 3941 cont
1273 3890 1361 3940 urtic-

375 3966 478 4012 rement
496 3961 595 4024 frisio,
622 3969 647 4011 et
671 3963 718 4028 qni
737 3962 1009 4028 circumsepirent,
1035 3960 1078 4027 ιη’
1097 3976 1130 4010 on
1149 3959 1177 4008 la
1195 3963 1276 4025 purte
1294 3975 1361 4010 cans

375 4029 518 4096 dc'rnayer
534 4047 567 4082 aa
587 4029 659 4080 tere?
696 4031 751 4083 Qne
768 4047 869 4096 penser
888 4032 921 4080 de
939 4045 984 4079 ces
1003 4030 1101 4092 faenus
1121 4029 1154 4077 de
1176 4027 1289 4093 parler.-
1314 4027 1363 4078 niel

375 4098 485 4150 nomme
506 4101 543 4151 άιι
561 4107 658 4167 tyron,
682 4117 733 4150 iure
756 4101 862 4162 tortian
887 4097 1106 4164 ingnirissntrie:
1130 4096 1207 4148 ilss’
1223 4098 1361 4148 insument

373 4183 430 4235 por
450 4168 491 4219 lec
508 4169 617 4234 feetiris,
638 4169 674 4220 ila
694 4175 796 4219 tentent
816 4168 856 4220 ies
875 4168 1000 4219 maisons
1018 4183 1074 4231 par
1092 4166 1132 4217 ies
1149 4166 1304 4227 nontamen,
1323 4165 1361 4216 ilc

375 4235 514 4289 sentirent
532 4238 561 4288 lo
580 4243 662 4289 mort.
701 4238 756 4290 Que
780 4238 843 4288 dire
861 4238 922 4288 d'nn
945 4237 1037 4319 pinie,
1061 4235 1109 4303 qni
1127 4236 1197 4286 eat
1187 4253 1205 4286 ιι
1223 4233 1303 4301 peine
1322 4235 1361 4283 a·

356 4305 453 4361 moin
479 4306 513 4356 de
536 4323 569 4359 ca
591 4323 697 4374 propre
719 4305 789 4371 sitq
818 4307 896 4357 rt'nne
915 4307 1005 4364 aiere,
1030 4322 1064 4357 on
1082 4305 1160 4356 ιίἰιιιι
1178 4306 1290 4368 fernme,
1315 4302 1362 4370 qni

374 4373 511 4426 intillcnt
534 4375 575 4428 lec
598 4377 644 4440 filo
667 4393 702 4427 on
726 4375 754 4424 ln
773 4374 866 4426 antcire
885 4375 947 4425 et’un
973 4375 1081 4440 eier9e;
1113 4374 1192 4425 ‹i’nae
1214 4387 1306 4422 masse
1329 4371 1361 4422 de

374 4444 471 4508 turine
490 4445 564 4498 enic'e
583 4451 609 4497 et
625 4444 789 4512 petiltcnte?
