3484 5600
490 1575 1021 1688 Tironiana.

654 1812 855 1820 ——-——.

262 2029 355 2131 cM·
383 2077 528 2139 Tullium
545 2078 691 2139 Tironem
716 2077 811 2138 tuisse
834 2096 973 2155 servum,
997 2087 1040 2156 et,
1062 2099 1157 2158 quum
1175 2081 1251 2143 ado·

263 2162 405 2237 levisset,
429 2161 574 2220 libertum
598 2162 633 2220 u.
655 2158 743 2220 Tullii
767 2162 939 2241 Ciceronis,
962 2181 1094 2242 eumque
1116 2182 1176 2224 non
1200 2185 1252 2226 so·

263 2246 327 2307 tum
355 2246 470 2305 oratori
499 2246 652 2321 Bouiano,
686 2243 741 2305 sed
776 2247 864 2305 etiam
897 2247 995 2325 tratri,
1029 2246 1106 2322 titio,
1141 2250 1250 2326 Attico,

264 2331 347 2405 aliis,
380 2330 588 2405 carissimum,
616 2347 708 2388 nemo
737 2335 784 2389 est
814 2332 864 2409 qui
893 2330 1027 2410 ignoret,
1061 2329 1135 2391 dum
1158 2333 1251 2393 inodo

265 2413 423 2475 Ciceronis
451 2410 598 2492 epistolas
627 2413 793 2497 aliquando
816 2413 961 2475 manibus
989 2416 1114 2475 triverit.
1158 2417 1252 2477 Prae-

265 2505 352 2557 terea
375 2503 475 2555 autem
498 2497 574 2557 nihil
599 2497 662 2557 iere
687 2496 726 2557 de
747 2498 871 2559 homine
890 2499 1045 2576 cognitum
1063 2498 1178 2561 habero
1201 2519 1252 2561 so-

264 2581 307 2641 let
331 2578 453 2660 vulgus,
482 2582 624 2659 quamvis
648 2590 678 2642 et
700 2589 826 2662 propter
846 2583 1005 2661 ingenium
1023 2590 1116 2662 atque
1140 2601 1251 2661 mores,

265 2665 380 2745 quibus
404 2664 559 2740 excettuit,
582 2672 612 2725 ct
634 2675 761 2745 propter
783 2668 913 2746 scripta,
938 2685 1018 2747 quae
1033 2668 1108 2728 satis
1126 2670 1252 2749 copiosa

265 2757 296 2810 et
319 2747 409 2809 docta
432 2747 542 2828 edidit,
571 2747 685 2829 dignus
708 2757 768 2827 est,
798 2752 850 2831 qui
871 2752 951 2811 inter
973 2752 1152 2830 praeclaros
1174 2752 1251 2813 anti-

266 2834 391 2913 quitatis
415 2835 500 2893 viros
524 2832 608 2895 haud
632 2835 772 2895 ultimum
796 2835 896 2895 iocum
920 2835 1068 2895 obtineat.

329 2919 403 2978 Fata
427 2924 528 2977 autem
552 2919 673 2979 Tironis
695 2919 889 2998 investiganti
914 2935 1012 2996 pauca
1039 2921 1155 2976 tantum
1183 2935 1252 2977 sese

264 3002 411 3079 offerunt,
435 3020 516 3080 qnae
533 3003 686 3062 notiorem
711 3021 781 3063 eum
798 3002 888 3062 nobis
907 2998 1051 3076 reddant,
1075 2998 1159 3080 quod
1176 3019 1253 3061 sane

265 3088 298 3144 in
323 3093 384 3146 tam
408 3086 531 3164 egregio
556 3086 680 3145 homine
704 3103 892 3166 magnopere
915 3083 1093 3146 dolendum.
1138 3085 1253 3145 Unicus

264 3171 332 3229 tere
359 3176 451 3247 atque
478 3171 663 3250 praecipuus
691 3171 773 3244 sons,
811 3169 893 3231 unde
921 3171 978 3230 ista
1007 3168 1146 3244 haurias,
1181 3175 1253 3230 sunt

265 3254 425 3312 Ciceronis
443 3252 606 3331 epistotae;
630 3254 762 3334 paucula
779 3274 816 3314 ex
839 3253 907 3315 aliis
929 3252 1131 3332 scriptoribus
1149 3251 1174 3331 ¹)
1197 3272 1252 3332 pe·

264 3345 332 3396 tere
355 3336 433 3396 ticet.
477 3337 528 3398 His
547 3336 697 3398 subsidiis
713 3340 766 3398 Vir
788 3338 913 3415 doctuS,
936 3339 988 3418 qui
1012 3336 1252 3416 disputationem

266 3420 304 3480 de
327 3422 439 3480 Tirone
455 3420 483 3497 ²)
510 3423 650 3501 scripsit,
685 3423 724 3481 ita
749 3441 824 3483 usus
847 3429 907 3501 est,
943 3429 976 3482 nt
1002 3422 1052 3480 vix
1080 3420 1251 3501 quidquam

319 3638 345 3700 l)
364 3638 438 3696 Quae
449 3635 592 3688 Suetonius
602 3638 628 3688 in
644 3636 711 3688 tibro
728 3637 761 3689 de
777 3638 924 3689 ittustribus
943 3636 1095 3689 rhetoribus
1113 3637 1147 3689 de
1157 3637 1253 3690 Tirone

263 3706 421 3768 tradiderat,
440 3720 503 3757 cum
521 3707 578 3756 atiis
597 3707 761 3768 interierunt,
783 3709 856 3773 quod
876 3721 941 3758 sane
960 3713 1000 3758 est
1014 3707 1088 3772 quod
1101 3708 1249 3759 doleamus.

243 3777 302 3864 ‘ct
331 3777 540 3837 Westermonn,
569 3774 710 3827 cesena.
731 3777 913 3828 Beredeomk.
934 3779 963 3827 11.
988 3790 1015 3842 p.
1038 3775 1099 3828 273.
1119 3781 1174 3826 not.
1188 3775 1232 3826 35.

317 3863 347 3922 t)
382 3865 484 3928 Integre
507 3865 573 3915 haee
597 3868 637 3915 est
661 3863 810 3929 inscriptio:
839 3864 990 3930 Disputatio
1009 3864 1253 3917 historico-critica

264 3933 298 3984 de
317 3935 351 3983 n.
371 3934 455 3985 Tuttio
474 3935 583 3993 Tirone,
606 3935 640 3983 n.
654 3935 682 3985 T.
698 3933 833 3984 Ciceronis
850 3934 955 4005 liberto,
975 3947 1070 3997 quem,
1092 3932 1167 3996 quod
1186 3935 1252 3986 deus

264 4002 334 4053 bene
351 4008 449 4062 vertet,
472 4003 596 4068 praeside
618 4002 692 4052 Duo.
711 4001 772 4052 Joc.
793 4017 847 4052 con
869 4002 977 4065 Lennep
1003 4004 1034 4050 V.
1060 4000 1096 4051 Cl.
1117 4005 1171 4067 jur.
1198 4008 1249 4054 utr.

264 4074 296 4122 D.
322 4077 349 4123 et
370 4073 397 4122 in
420 4073 455 4122 itt.
481 4074 589 4122 Amstet.
614 4073 748 4122 Athenaeo
772 4071 869 4121 Hister.
891 4073 965 4135 Etoq.
985 4071 1061 4120 Poes.
1081 4073 1168 4137 Antiq.
1190 4073 1249 4123 Litt.

264 4144 357 4193 Graec.
383 4145 409 4191 et
433 4143 488 4191 tet.
509 4142 635 4200 Profess,
666 4141 700 4190 ed
725 4138 859 4205 publicem
885 4139 1104 4202 disceptationem
1127 4142 1253 4205 proponit

263 4210 310 4261 Jo.
328 4209 413 4261 Cone.
433 4210 689 4275 o’mqetormner,
709 4208 1059 4260 amstelodamodtatavus.
1082 4209 1156 4262 1804.
1189 4210 1252 4258 Am-

265 4282 323 4330 stet.
344 4294 387 4344 ep.
407 4282 515 4330 Petrum
533 4281 584 4329 den
602 4280 702 4342 Hengst
719 4284 744 4328 et
762 4279 862 4328 Filium.
884 4275 908 4327 4.
929 4290 1006 4342 pagg.
1019 4277 1062 4330 ot.
1086 4305 1114 4314 -
1145 4278 1252 4325 Praetor

265 4354 403 4400 auctorem
423 4349 610 4414 disputationis
628 4348 663 4398 de
676 4348 772 4397 Tirone
789 4348 823 4396 do
840 4346 894 4397 hoc
911 4352 1022 4410 ogerum
1037 4345 1082 4398 Jo.
1096 4342 1250 4395 ctrietion.

267 4416 360 4469 Klotz.
380 4419 577 4484 Disputationes
597 4416 695 4468 tcodd.
717 4416 747 4465 n.
767 4415 801 4466 de
821 4414 963 4467 virtutibus
981 4415 1008 4464 in
1027 4414 1121 4464 Tirone
1137 4413 1251 4464 laudetis

1006 4523 1019 4572 1
